1833 3048
957 75 1006 110 24

234 203 497 254 *praefectioz
543 206 586 241 L.
615 206 658 242 L.
700 205 782 249 vn,
825 208 874 241 70
918 210 950 242 'a
989 206 1246 252 praefectione
1287 208 1452 252 praefica
1490 205 1599 246 dicta'
1641 212 1737 256 apud

316 271 525 308 Varronem
552 282 665 334 uuum
695 274 810 315 extat.
858 283 940 308 cum
969 274 1006 309 in
1038 272 1119 310 loco
1149 274 1265 311 Mart.
1296 273 1387 320 Cap.
1420 275 1441 309 7
1475 271 1494 320 ἓ
1527 276 1603 311 733
1643 288 1739 313 nunc

313 340 414 375 recte
442 338 593 385 legatur
632 332 841 384 perfectio'.

234 410 420 451 “t-alano:
451 414 494 451 L.
527 416 572 452 L.
604 414 646 459 V,
684 416 730 451 13
763 404 896 452 ‘Multa
927 417 1088 452 societas
1117 416 1333 459 verborum,
1377 428 1444 455 nec
1475 418 1623 456 Vinalia
1662 421 1741 456 sine

314 483 400 518 vino
431 480 602 528 expediri
642 492 709 518 nec
755 481 859 518 curia
889 479 1053 518 Calabra
1087 482 1165 518 sine
1203 483 1390 520 calatione
1427 488 1553 529 potest
1582 480 1742 531 aperiri'.

316 549 338 583 i.
370 558 402 584 e.
433 548 539 595 origo
566 547 737 584 vocabuli
767 548 893 584 curiae
914 546 1101 585 Calabrae
1131 549 1209 586 sine
1239 550 1427 586 calatione
1459 550 1639 597 explicari
1670 563 1743 588 non

313 617 454 659 potest;
486 614 557 651 hoc
587 617 712 651 tamen
752 613 976 651 vocabulum
1005 613 1162 651 fortasse
1206 615 1354 662 linguae
1385 627 1517 654 sacrae
1550 619 1742 664 proprium

317 680 428 716 fuisse
458 683 496 716 et
528 691 617 717 casu
647 679 808 726 quodam
837 679 925 716 alibi
956 691 1028 717 non
1070 680 1229 716 inveniri
1269 682 1446 719 concedo.
1507 682 1682 720 Ceterum
1712 696 1746 719 v.

321 740 503 783 Calabra.
542 747 594 783 ita
634 757 656 783 a
692 745 808 783 verbo
847 747 995 783 calandi
1042 746 1251 793 profectum
1292 752 1349 784 est
1389 752 1430 785 ut
1468 745 1697 786 vela-hrum
1726 762 1746 786 a

318 812 478 849 velando
523 811 591 856 (cf.
637 807 804 849 Corssew
844 813 891 849 Κ.
932 813 974 849 Β.
1015 814 1121 859 355).
1304 814 1426 861 Magis
1469 817 1507 851 in
1550 816 1748 853 verborum

316 880 461 925 copiam
492 885 649 926 recepta
679 890 762 917 esse
791 879 967 916 videntur
996 879 1179 916 vocabula
1206 879 1318 917 haec:

235 952 433 992 *annatim
465 958 510 994 L.
542 958 585 994 L.
617 957 662 1002 V,
695 959 746 994 20
777 945 933 994 'caelum
964 967 985 993 a
1025 952 1228 994 cavatione
1275 962 1312 994 et
1350 959 1477 1004 paullo
1518 963 1604 995 ante
1644 958 1665 1006 ξ
1701 961 1748 994 19

320 1018 368 1058 'et
396 1023 489 1059 item
519 1023 665 1060 Ennius
695 1023 742 1060 ad
774 1017 1029 1060 cavationem’.
1061 1024 1105 1060 L.
1137 1024 1180 1060 L.
1211 1024 1256 1060 V.
1294 1025 1366 1061 123
1400 1023 1530 1061 ‘sinum
1571 1025 1618 1062 ab
1652 1026 1747 1061 sinu.

319 1089 416 1135 quod
447 1090 568 1126 sinum
601 1090 785 1126 maiorem
815 1091 1048 1126 cavationem
1080 1101 1190 1136 quam
1221 1092 1356 1136 pocula
1387 1086 1608 1128 habebant:
1650 1091 1747 1127 hanc

317 1156 433 1202 igitur
463 1155 622 1193 formam
653 1155 776 1193 Varro
805 1157 843 1193 in
874 1167 979 1193 suam
1009 1155 1210 1193 verborum
1242 1158 1389 1202 copiam
1419 1168 1506 1194 vere
1536 1158 1692 1203 recepit.

239 1228 438 1284 demptio:
488 1233 531 1269 L.
563 1233 607 1270 L.
639 1234 684 1275 V,
729 1234 801 1269 176
847 1227 1036 1270 'damnum
1074 1244 1096 1269 a
1135 1228 1359 1280 demptione
1411 1238 1446 1269 et
1493 1235 1538 1270 L.
1575 1235 1619 1273 L.
1651 1234 1697 1280 V,
1729 1238 1750 1269 b·

321 1287 565 1336 'Litterarum
607 1299 772 1346 demptio
813 1304 877 1336 aut.
915 1293 1080 1337 additio'.
1137 1299 1234 1346 quod
1284 1298 1504 1336 vocabulum
1550 1311 1624 1338 non
1664 1305 1752 1338 anto

317 1362 484 1402 infimam
513 1362 716 1403 latinitatis
746 1369 909 1403 aetatem
940 1366 1142 1413 reperitur.
1202 1366 1320 1403 Extat
1351 1367 1449 1402 enim
1480 1370 1679 1412 praeterea
1712 1369 1750 1404 in

321 1432 471 1479 Vulgat.
502 1432 625 1470 Exod.
657 1433 720 1475 35,
753 1434 815 1475 21,
860 1432 926 1476 (de
963 1443 1037 1478 qua
1065 1431 1111 1469 cf.
1144 1427 1328 1468 Boensck
1373 1432 1471 1469 Itala
1509 1445 1543 1469 u.
1574 1433 1682 1480 Vulg.
1714 1446 1750 1480 p.

327 1499 402 1545 72).
565 1499 652 1535 Alia
680 1499 790 1535 huius
819 1499 969 1545 generis
999 1497 1181 1535 vocabula
1210 1503 1296 1535 sunt
1324 1499 1434 1536 haec:

240 1573 417 1612 *cursim
460 1577 502 1613 L.
534 1576 577 1613 L.
608 1577 652 1614 V.
690 1580 729 1613 11
782 1563 937 1622 'Corpus
975 1582 1032 1613 est
1069 1580 1111 1612 ut.
1149 1587 1298 1622 cursorg
1338 1578 1442 1614 locus
1480 1577 1642 1615 stadium
1680 1590 1751 1625 qua

322 1644 457 1681 currit:
489 1647 636 1690 tempus
671 1643 765 1679 hora
796 1654 867 1690 qua
898 1644 1037 1688 currit3
1079 1645 1177 1680 actio
1210 1639 1340 1680 cursio'
1382 1643 1478 1689 quod
1516 1643 1750 1690 vocabulum,

322 1713 360 1744 ut
391 1704 550 1746 ‘actioni'
583 1709 701 1746 simile
730 1709 900 1747 haberet.
933 1710 1058 1747 nescio
1086 1721 1134 1747 an
1165 1709 1236 1746 sibi
1265 1709 1432 1747 finxerit.

241 1782 484 1835 *irrfuqatioz
528 1785 639 1823 Varr.
672 1797 731 1833 ap.
759 1785 862 1823 Serv.
894 1786 941 1823 ad
972 1788 1067 1823 Aen.
1102 1789 1134 1831 1.
1169 1788 1246 1823 648
1278 1786 1397 1824 'Palla
1427 1787 1628 1824 secundum
1658 1787 1753 1823 Var-

323 1862 453 1888 ronem
483 1851 584 1889 dicta
613 1856 667 1889 est
701 1853 748 1889 ab
778 1853 1013 1900 irrugatione
1061 1857 1099 1888 et
1139 1847 1371 1890 mobilitate.
1430 1853 1558 1891 Editio
1600 1854 1751 1900 Bipout.

324 1918 369 1955 de
401 1918 442 1954 L.
472 1918 517 1955 L.
548 1929 586 1964 p.
618 1920 693 1955 347
736 1912 980 1965 ‘irrigatione'
1021 1917 1193 1961 exhibet.
1237 1918 1335 1963 quod
1377 1920 1499 1956 nescio
1538 1931 1585 1956 an
1624 1931 1754 1957 errore

320 1984 550 2030 typographi
578 1985 614 2021 in
644 1989 857 2021 contextum
891 1985 1099 2030 irrepserit.
1160 1984 1335 2021 Ceterum
1367 1985 1489 2021 Varro
1520 1986 1598 2031 ipse
1636 1986 1751 2022 alium

321 2045 464 2100 pallae
493 2050 740 2097 veriloquium
772 2050 917 2096 profert
945 2049 989 2086 L.
1023 2050 1064 2086 L.
1097 2050 1140 2086 V.
1177 2050 1246 2086 131
1285 2047 1392 2095 'quod
1422 2049 1514 2098 foris
1545 2062 1588 2087 ac
1615 2052 1752 2097 palam.

324 2109 448 2163 palla}
490 2116 590 2162 quod
617 2116 653 2153 in
684 2127 727 2153 eo
757 2127 829 2162 quo
859 2116 978 2153 utitur
1016 2116 1290 2163 interpretandi
1326 2126 1430 2152 more
1471 2127 1545 2153 non
1587 2117 1752 2154 offendit.

327 2181 490 2217 Verbum
527 2182 721 2229 irrugandi
761 2186 866 2219 extat
911 2183 1005 2219 Gell.
1045 2184 1102 2227 12,
1139 2185 1154 2217 1
1190 2180 1281 2227 §83
1323 2184 1415 2220 Stat.
1448 2183 1564 2220 Theb.
1595 2185 1632 2228 4,
1663 2185 1754 2219 266.

247 2257 442 2309 *opertioz
474 2260 517 2296 L.
549 2260 593 2296 L.
625 2259 668 2305 V.
703 2262 751 2296 ‘72
785 2251 994 2306 ⁷Neptunus
1015 2290 1021 2295 .
1042 2286 1073 2295 ..
1113 2259 1161 2296 ab
1201 2263 1318 2305 nuptu
1358 2260 1395 2296 id
1441 2264 1494 2296 est
1537 2254 1754 2306 opertione.

357 2327 452 2362 'l'um
479 2325 579 2363 haud
609 2337 729 2372 pauca
758 2328 795 2362 in
836 2325 940 2363 llbris
969 2326 1015 2362 de
1049 2325 1106 2361 Re
1136 2324 1293 2362 Rustica
1325 2327 1476 2371 seriptis
1505 2325 1754 2363 inveniuntur.

247 2403 342 2437 quae
381 2391 428 2428 ad
456 2402 535 2428 rem
566 2392 745 2428 rusticam
776 2392 1007 2437 pertinentia
1037 2402 1059 2428 a
1086 2391 1255 2427 Varrone
1284 2392 1445 2436 primum
1474 2392 1512 2427 in
1542 2392 1755 2428 litterarum

246 2469 354 2495 usum
383 2458 601 2495 introducta
631 2461 728 2503 sunt,
761 2468 918 2503 quorum
950 2458 1044 2494 haec
1069 2456 1258 2493 enotanda
1288 2459 1437 2502 putavi:

249 2520 463 2560 admissio:
498 2524 542 2560 R.
575 2524 621 2561 R.
653 2524 702 2569 ΙΙ,
736 2526 771 2564 1,
807 2525 854 2559 18
885 2523 931 2558 de
961 2525 1064 2569 equis
1094 2523 1271 2559 saliendis
1303 2522 1491 2560 dictahoc
1510 2525 1755 2561 tantumloco

332 2594 448 2627 extat.
506 2591 615 2637 Apud
662 2590 865 2636 scriptores
903 2594 1108 2635 argenteae
1138 2590 1274 2625 aetatis
1312 2592 1513 2635 usurpatur
1561 2590 1605 2627 de
1649 2589 1755 2625 aditu

330 2657 513 2702 sollemni,
543 2657 605 2702 qui
635 2657 768 2703 legatis
799 2655 930 2692 aliisve
960 2654 1174 2700 petentibus
1203 2654 1251 2690 ad
1271 2654 1470 2692 Caesarem
1499 2654 1555 2691 vel
1580 2659 1754 2692 senatum
