1833 3048
774 139 779 142 ,
840 85 909 140 223

186 221 352 267 ,quidem
400 221 554 264 scimus,
611 218 766 256 verbum
811 213 979 254 velandi
1028 218 1186 255 alteram
1238 223 1383 256 tantum
1434 218 1621 254 notionem

198 287 351 334 tegendi
383 286 441 323 vel
471 285 665 331 operiendi
695 284 832 330 induit,
854 295 949 330 quae
965 284 1096 321 eadem
1126 284 1254 322 infima
1274 285 1474 321 latinitatis
1495 286 1624 321 aetate

197 365 256 398 ap.
290 353 325 390 S.
358 352 470 399 Greg.
493 351 563 397 Ep.
597 354 632 396 4,
668 354 716 387 18
755 354 917 397 apparet
964 351 1001 387 in
1049 350 1176 387 verbis
1206 345 1365 388 ‘sacram
1410 353 1550 386 vestem
1587 353 1628 385 'et

202 419 409 455 velaturam
441 415 492 463 (h.
525 427 558 453 e.
588 417 771 453 velamem
803 415 1108 461 sanctimoniale)
1140 410 1351 463 deponere'.

118 484 329 521 &neem-a:
364 483 404 520 1..
437 483 480 519 L.
511 484 557 528 V,
591 484 638 519 62
670 477 704 518 ‘a
734 483 906 519 vinctura
936 481 1074 519 dicitur
1104 479 1222 527 vieri',
1264 482 1363 528 quod
1400 482 1623 519 vocabulum

201 550 385 597 reperitur
417 560 475 595 ap.
507 548 604 584 Plin.
638 549 683 585 H.
718 547 762 583 N.
797 549 858 593 16,
891 546 1101 593 (68)174;
1135 546 1230 585 Cels.
1264 549 1298 592 7,
1332 550 1406 592 2ος
1440 550 1475 589 8,
1513 551 1573 585 10.

839 645 928 693 §T

229 733 306 769 Iani
349 734 453 770 nobis
497 732 697 770 tractanda
739 738 825 768 sunt
858 732 1010 768 nomina
1055 732 1093 768 in
1123 731 1296 769 suffixum
1323 729 1532 782 -cat(itat-)
1563 733 1623 770 de-

117 799 292 844 sinentia,
346 810 441 845 quae
471 799 690 836 derivantur
718 808 740 834 a
770 796 982 835 nominibus
1025 798 1083 834 vel
1113 798 1354 836 substantivis
1385 799 1441 836 vel
1474 799 1628 835 adiecti-

118 866 184 910 vis,
216 866 269 902 ita
298 869 435 910 tamen3
470 870 510 901 ut
540 864 633 901 haec
662 865 780 901 multo
811 864 1069 910 frequentiora
1113 875 1224 910 quam
1265 865 1329 901 illa
1373 865 1623 902 inveniantur.

119 928 443 977 significationem
476 930 628 967 illorum
664 925 836 967 Corssen
867 924 943 979 (K
969 930 1127 967 Nachtr.
1158 942 1181 977 p
1212 931 1310 976 275)
1360 931 1517 968 eandem
1548 941 1627 967 esse

118 994 241 1043 docet,
276 1007 387 1042 quam
423 1005 489 1033 nos
519 998 734 1042 germanice
764 997 801 1032 in
831 996 876 1032 iis
905 997 1120 1043 compositis
1141 997 1312 1033 indicare
1333 996 1505 1041 solemus,
1538 1006 1628 1041 quo-

118 1073 199 1098 rum
229 1062 352 1099 altera
381 1072 471 1108 pars
502 1067 560 1098 est
590 1051 754 1110 ¹-schast7
786 1061 949 1100 -wesen'.
982 1062 1095 1100 Cuius
1125 1062 1391 1100 vocabulorum
1421 1064 1571 1109 generis
1608 1073 1629 1097 a

118 1129 308 1177 Varrone,
359 1130 422 1174 qui
470 1128 561 1165 illud
608 1130 645 1165 in
696 1129 840 1167 deliciis
883 1129 1061 1171 haberet,
1101 1129 1281 1166 nonnulla
1328 1133 1466 1166 novata
1507 1139 1623 1175 eoqm¹

119 1200 273 1232 auctore
303 1197 342 1231 in
371 1195 622 1241 posteriorum
653 1207 758 1233 usum
788 1199 942 1241 recepta
974 1206 1055 1232 esse
1092 1193 1203 1232 facile
1249 1195 1508 1232 concedemus.
1568 1193 1625 1229 Ab

124 1261 322 1298 adiectivis
353 1262 469 1307 igitur
503 1261 724 1298 derivantur
755 1261 864 1297 haec:

121 1320 357 1361 *arduitas:
392 1324 437 1361 R.
468 1324 512 1361 R.
544 1324 593 1368 ΙΙ,
630 1326 690 1370 10,
724 1327 745 1361 3
777 1319 969 1362 'montium
999 1326 1169 1363 arduitas
1199 1332 1312 1373 atque
1343 1322 1551 1373 asperitas'.

120 1386 314 1427 ariditas:
349 1392 470 1429 Varro
499 1402 558 1438 ap.
582 1391 686 1428 Serv.
718 1392 765 1429 ad
786 1393 900 1439 Verg.
923 1392 1018 1429 Aen.
1072 1396 1105 1438 1,
1133 1395 1207 1430 172
1239 1393 1304 1439 (cf.
1345 1387 1569 1429 Wilmamzs
1589 1405 1623 1439 p.

215 1460 303 1503 184,
334 1460 384 1494 :38
415 1454 452 1505 c)
484 1452 612 1495 'arena
641 1459 670 1495 si
701 1457 749 1494 ab
780 1458 957 1496 ariditate
1008 1454 1151 1496 dicitur’
1181 1464 1219 1496 et
1267 1460 1363 1497 idem
1410 1459 1629 1496 vocabulum

202 1535 264 1570 ap.
297 1524 394 1560 Plin.
427 1522 573 1560 Pallad.
611 1523 755 1561 Arnob.

123 1586 421 1626 *continuitasz
455 1589 495 1625 L.
530 1589 571 1626 L.
610 1588 690 1634 VII,
726 1591 799 1626 107
832 1585 1031 1636 'protinam
1061 1601 1083 1627 a
1112 1593 1296 1637 protinus,
1346 1592 1629 1628 continuitatem

201 1649 443 1702 significans,
476 1655 573 1701 quod
604 1655 825 1692 vocabulum
858 1656 1020 1693 Varroni
1051 1657 1118 1693 soli
1150 1657 1414 1695 vindicandum
1444 1661 1514 1702 est,
1545 1668 1627 1694 cum

202 1722 300 1759 Plin.
332 1721 379 1758 H.
413 1721 458 1758 N.
493 1724 515 1758 8
548 1717 639 1770 (43)
674 1723 748 1759 105
780 1733 898 1768 nuper
928 1723 1141 1759 restitutum
1163 1724 1210 1759 sit
1239 1718 1395 1759 ‘unitate
1429 1716 1582 1768 spinae'.

121 1782 399 1837 disparilitas:
434 1788 477 1824 L.
496 1787 540 1824 L.
573 1788 622 1836 X,
657 1788 707 1824 36
724 1792 761 1825 et
782 1787 878 1825 Gell.
900 1790 934 1832 6,
958 1789 993 1831 3,
1015 1791 1088 1835 47;
1110 1788 1283 1827 Macrob.
1303 1788 1382 1826 Sat.
1405 1791 1437 1825 1.
1458 1788 1575 1835 praef.
1595 1790 1628 1824 3.

121 1848 464 1902 imaeqaabilitas:
497 1854 541 1890 L.
569 1854 613 1890 L.
644 1853 745 1898 VIII,
778 1854 846 1899 283
880 1856 951 1901 303
984 1855 1029 1891 L.
1058 1854 1098 1890 L.
1129 1855 1198 1902 ΙΧ,
1235 1857 1267 1899 1,
1299 1865 1371 1901 quo
1397 1853 1630 1891 substantivo

204 1919 301 1956 idem
329 1920 576 1967 intellegitur,
607 1920 706 1966 quod
718 1919 863 1957 Graece
887 1914 1116 1966 ἀνωμαλία
1141 1921 1374 1967 appellatum
1407 1918 1452 1956 cf.
1481 1930 1629 1970 aequa—

210 1981 347 2021 bilitas
364 1986 407 2022 L.
427 1986 469 2022 L.
488 1985 554 2032 ΙΧ,
579 1988 612 2032 1,
633 1985 732 2032 quod
754 1996 785 2021 v.
801 1986 898 2022 idem
921 1986 1107 2032 significat
1127 1997 1171 2023 ac
1192 1997 1369 2033 graecum
1400 1981 1627 2034 ἀναλογία.

209 2051 389 2088 Eiusdem
420 2052 474 2088 rei
502 2052 576 2088 alia
619 2051 771 2088 nomina
812 2056 965 2098 praeter
1008 2052 1192 2089 vocabula
1236 2049 1434 2104 analoyz'a
1464 2058 1502 2090 et
1531 2065 1628 2090 cmo-

205 2111 334 2152 malz'a
350 2116 450 2164 apud
466 2116 670 2154 Varronem
687 2121 816 2155 extant
832 2118 945 2155 haec:
964 2122 1269 2165 natura—usus3
1288 2121 1399 2165 ratio,
1417 2122 1516 2157 ratio
1538 2131 1629 2158 ana-

206 2182 341 2228 logiae,
373 2183 473 2220 ratio
500 2185 757 2230 proportionis
780 2204 825 2210 —
845 2184 1094 2230 consuetud03
1128 2186 1336 2232 proportiO,
1359 2185 1404 2222 de
1427 2186 1559 2232 quibus
1578 2186 1626 2223 cf.

207 2243 351 2284 Lersck
403 2249 784 2296 Sprachphilosophie
822 2250 840 2285 Ι
876 2262 911 2297 p.
945 2251 1062 2286 94-
1088 2251 1151 2287 97.
1214 2251 1389 2288 Ceterum
1433 2263 1465 2289 v.
1508 2247 1623 2289 ‘inae-

207 2309 419 2360 quabilitas'
450 2318 604 2360 praeter
634 2314 845 2352 Varronem
877 2315 1048 2353 adhibuit
1080 2317 1219 2354 Arnob.
1253 2319 1288 2365 2,
1321 2318 1384 2354 55.

117 2375 372 2428 placiditas:
408 2378 449 2415 R.
482 2378 526 2415 R.
559 2380 606 2416 ΙΙ.
644 2383 675 2426 1,
709 2383 743 2426 4,
780 2381 877 2426 quod
892 2381 989 2418 idem
1020 2383 1158 2430 legitur
1173 2394 1233 2429 ap.
1253 2384 1349 2421 Geli.
1387 2386 1444 2429 13,
1479 2384 1624 2429 23,19,

211 2444 386 2481 Lactant.
417 2449 454 2488 (5,
488 2447 548 2492 15,
582 2446 616 2479 3.
1030 2438 1033 2441 ’

126 2505 371 2559 puerilitas:
421 2511 534 2548 Catus
566 2510 612 2548 fr.
659 2512 709 2549 lv
741 2512 798 2549 ed.
831 2512 943 2550 Riese
972 2527 1007 2561 p.
1041 2516 1132 2561 248,
1177 2519 1209 2560 ti,
1255 2515 1352 2560 quod
1392 2516 1490 2553 idem
1531 2519 1635 2552 extat

209 2574 306 2613 Non.
341 2577 431 2622 532,
470 2579 515 2614 15
547 2579 679 2623 (Riese
704 2591 741 2625 p.
772 2580 864 2625 249,
897 2580 962 2622 6);
1008 2580 1249 2627 7‚Statilinurn
1297 2585 1336 2618 et
1365 2581 1563 2618 Statanum
1593 2586 1629 2618 et

208 2641 436 2680 Fabulinum
467 2645 660 2690 praesides
691 2645 779 2682 deos
808 2645 931 2683 Varro
962 2646 1057 2684 Cato
1086 2647 1142 2683 vel
1172 2646 1217 2684 de
1256 2646 1386 2683 liberis
1427 2647 1627 2684 educandis

208 2709 439 2753 puerilitatis
485 2708 670 2747 affirmat:
718 2705 785 2748 'Ab
817 2710 977 2749 Statano
1008 2706 1112 2758 etc.⁷',
1146 2712 1207 2749 ubi
1228 2713 1389 2750 Nonium
1420 2713 1490 2750 hoc
1518 2724 1627 2751 voca-
