1833 3048
759 70 952 126 -ἓζη,

98 202 250 247 habeat,
300 207 404 239 certo
446 202 643 240 diiudicari
694 203 754 241 vix
798 204 932 250 possit.
1001 203 1041 240 Id
1090 207 1218 240 tamen
1265 213 1399 240 moneo
1454 197 1612 237 Coo-sse-

99 280 196 304 wum
229 269 276 306 ad
306 268 643 306 demonstrandum
675 267 849 305 suffixum
880 273 1068 305 —mentmn
1102 273 1180 305 tum
1224 269 1372 306 demum
1405 279 1449 304 ex
1479 266 1613 304 suffixo

101 346 211 372 -men
252 334 546 381 amplificatione.
582 334 756 371 effectum
796 345 891 382 esse,
933 346 1014 371 eum
1057 335 1176 372 latina
1215 334 1344 381 lingua
1382 345 1404 371 a
1443 333 1614 380 cognatis

100 402 274 438 seiuncta
321 405 430 444 esset,
481 404 584 437 recte
627 400 762 437 docere
813 402 849 436 in
898 401 943 437 iis
988 399 1127 445 verbis,
1179 410 1335 446 quorum
1386 399 1529 436 formae
1577 401 1615 434 et

103 468 139 504 in
160 478 267 503 -men
286 469 376 504 etin
393 471 585 502 -mentum
612 467 863 511 inveniantur,
878 467 998 503 altero
1012 470 1118 504 tanto
1131 467 1311 502 maiorem
1330 468 1460 502 extare
1484 473 1614 500 nume-

103 545 185 570 rum
205 544 348 577 eorum,
364 534 401 570 in
417 532 552 579 quibus
570 531 690 570 forma
708 533 744 568 in
764 543 867 568 —men
885 532 1062 568 desinens
1079 535 1204 568 aetate
1220 531 1377 569 alteram
1391 531 1614 568 antecedere

101 599 287 636 videatur.
321 598 441 644 Quam
472 598 649 635 Corsseni
682 598 896 644 opinionem
928 593 1131 642 J’aewlcer,
1165 598 1225 643 qui
1255 597 1411 634 eandem
1456 608 1534 633 rem
1577 597 1613 632 in

104 665 235 702 libello
266 667 327 712 qui
358 664 602 702 inscribitur:
647 665 704 700 l)e
735 664 925 701 latinitate
954 664 1179 710 scriptorum
1210 663 1393 700 historiae
1420 664 1615 709 Augustae

103 743 138 777 p.
175 729 379 768 mit—14*
407 732 645 775 retractavit,
669 730 912 767 collectaneis
935 731 1122 766 accuratis
1143 730 1252 766 nixus
1272 730 1326 766 ita
1346 729 1551 776 restringit,
1573 731 1613 764 ut

106 796 241 834 doceat
270 796 482 843 posteriore
513 796 664 842 linguae
694 795 835 832 latinae
864 798 991 832 aetate
1021 805 1095 831 non
1127 794 1248 831 solum
1270 793 1408 831 forinas
1428 795 1465 830 in
1488 803 1614 830 -men—

101 866 183 898 tum
215 862 293 906 sed,
340 862 439 908 quod
470 862 532 899 illo
563 873 593 898 v.
625 862 660 898 d.
700 860 907 908 negaverit,
949 861 1064 897 etiam
1105 860 1142 896 in
1173 870 1279 895 -men
1320 864 1500 897 exeuntes
1539 860 1614 897 lar-

100 929 249 976 gissime
280 932 384 965 ortas
415 939 508 965 esse.
542 928 693 975 Integre
723 928 838 974 igitur
868 930 905 963 et
934 926 1138 972 tranquille
1169 925 1348 962 iudicanti
1379 926 1416 963 id
1439 928 1614 962 constare

102 993 288 1032 videbitur
310 994 442 1031 harum
466 993 674 1031 formarum
696 992 890 1030 breviores
912 1004 996 1029 cum
1022 994 1058 1029 in
1092 989 1217 1038 plebei
1248 1002 1422 1029 sermone
1442 990 1614 1028 omnibus

99 1059 334 1106 temporibus
347 1061 510 1097 usitatae
527 1063 664 1107 essent,
682 1070 704 1096 a
720 1058 980 1105 scriptoribus,
996 1060 1057 1104 qui
1070 1059 1303 1106 elegantiore
1315 1061 1353 1095 et
1366 1058 1519 1105 puriore
1529 1057 1614 1094 stilo

104 1129 317 1172 uterentur,
349 1126 475 1172 aliqua
505 1137 550 1162 ex
580 1129 690 1171 parte
720 1126 945 1162 constrictas
975 1126 1031 1162 vel
1060 1135 1260 1172 oppressas
1291 1135 1374 1162 esse
1409 1134 1612 1170 earumque

100 1194 138 1230 in
186 1194 308 1231 locum
338 1195 529 1241 longiores
567 1195 604 1231 in
634 1199 825 1230 —mentum
866 1195 1100 1239 successisse,
1132 1193 1261 1231 infima
1298 1197 1421 1231 autem
1463 1193 1614 1239 linguae

100 1261 243 1298 latinae
258 1265 398 1298 *aetate
429 1260 552 1298 denuo
583 1259 757 1298 suffixum
780 1271 888 1296 -men
917 1260 1058 1306 largius
1097 1261 1134 1297 in
1173 1260 1388 1297 litterarum
1418 1269 1524 1296 usum
1555 1258 1613 1294 in-

103 1325 256 1364 fluxisse
288 1333 325 1363 et
354 1337 428 1363 una
458 1337 542 1364 cum
571 1330 764 1363 -mentmn
791 1327 827 1363 in
849 1326 997 1374 linguas
1019 1325 1247 1363 Romanicas
1266 1325 1461 1362 transiisse
1489 1320 1615 1367 (Diez

101 1392 267 1431 Gramm.
300 1393 349 1436 ΙΙ,
382 1393 481 1439 3323
515 1394 621 1439 382).
654 1392 777 1430 Varro
815 1393 966 1439 quidem
1006 1393 1064 1429 sui
1104 1393 1285 1438 temporis
1320 1402 1428 1428 usum
1468 1395 1616 1428 secutus

100 1460 137 1496 in
170 1460 213 1496 iis
242 1458 378 1504 verbis,
411 1469 572 1505 quorum
605 1464 764 1505 utraque
794 1458 948 1495 extabat
970 1457 1102 1503 forma,
1137 1458 1343 1504 longiorem
1370 1460 1407 1493 et
1427 1462 1518 1494 tunc
1537 1458 1615 1495 usi-

99 1526 276 1563 tatiorem
294 1524 488 1571 praeferre
505 1526 612 1571 solet,
630 1526 731 1563 velut
748 1519 1077 1571 fmzdamentum,
1092 1519 1390 1569 documentum,
1403 1534 1616 1560 ornamen-

100 1597 194 1637 tum,
215 1588 511 1642 pedamentum.
529 1588 830 1635 salsamentum,
844 1594 1106 1638 sarmentum,
1121 1593 1401 1636 stramentmn,
1417 1585 1616 1625 velamen-

100 1664 195 1694 tum.
215 1658 359 1696 Contra
374 1669 586 1705 perpaucae
602 1658 639 1693 in
659 1668 761 1693 -men
785 1656 1031 1695 formationes
1047 1656 1146 1701 apud
1164 1653 1373 1692 Varronem
1388 1658 1535 1700 extant,
1548 1666 1618 1701 pro

108 1725 240 1772 quibus
272 1724 318 1762 ab
349 1725 430 1761 aliis
459 1723 707 1771 scriptoribus
737 1724 851 1760 etiam
882 1720 1027 1758 formae
1066 1722 1101 1757 in
1134 1725 1329 1757 —mentum
1370 1720 1617 1758 adhibentur:

100 1788 376 1828 salusti-amen:
423 1792 466 1828 R.
500 1791 543 1828 R.
564 1791 631 1835 ΙΙΙ,
665 1792 700 1835 6,
727 1792 770 1835 5;
804 1791 839 1831 9,
863 1790 906 1834 8;
945 1790 1006 1831 10,
1039 1789 1061 1822 4
1094 1791 1145 1827 (et
1174 1786 1223 1823 id.
1253 1798 1313 1833 ap.
1346 1787 1410 1824 Sil.
1437 1788 1497 1831 12,
1520 1785 1620 1831 444)

191 1855 205 1906 Η
232 1844 568 1894 ‘substramentum'
603 1856 697 1892 Cato
736 1858 823 1901 161,
857 1856 892 1891 2.

112 1922 242 1960 vimen
275 1925 319 1961 R.
353 1924 397 1961 R.
435 1923 501 1968 ΙΙΙ,
535 1925 569 1967 9,
601 1913 933 1968 6311‘vimentum’
965 1921 1054 1958 Tae.
1085 1931 1176 1957 ann.
1211 1921 1272 1964 12,
1309 1921 1369 1965 16,
1401 1920 1438 1955 2.

112 1989 380 2042 *aeqvamew
412 1990 536 2027 Varro
569 1990 723 2035 Quaest.
755 1988 879 2025 Plaut.
917 1988 951 2023 11
980 1998 1040 2033 ap.
1073 1987 1170 2023 Non.
1205 1987 1243 2033 9,
1277 1975 1621 2034 1211'aequamen-

192 2051 281 2092 tum'
315 2056 416 2103 apud
447 2057 569 2102 ipsum
603 2055 763 2091 Nonium
796 2055 831 2100 3,
863 2055 913 2091 27
945 2055 981 2090 in
1024 2054 1225 2089 lemmate:
1257 2050 1548 2088 ‘Hostimentum
1568 2055 1623 2088 est.

193 2116 507 2169 aequamentum‘.
541 2123 599 2158 Ex
630 2122 686 2162 iis,
716 2130 873 2170 quorum
904 2131 979 2157 uua
1009 2118 1133 2156 forma
1162 2118 1243 2155 sola
1273 2121 1390 2162 extat,
1422 2128 1621 2154 enumero:

111 2193 382 2226 crementum:
435 2192 505 2226 sat.
547 2188 592 2224 fr.
644 2188 718 2223 199
763 2187 826 2229 (R.
879 2187 967 2232 145,
1016 2187 1054 2230 3)
1098 2179 1151 2221 'ut
1195 2187 1390 2221 cremento
1425 2183 1586 2229 corpora
1614 2181 1624 2233 Η

193 2256 328 2294 fierent
351 2256 496 2291 maiora
513 2248 652 2300 parvo',
674 2253 773 2299 quod
795 2252 893 2289 idem
915 2254 1018 2288 extat
1040 2249 1140 2297 apud
1157 2249 1246 2286 Isid.
1265 2260 1319 2286 or.
1345 2250 1381 2293 9,
1402 2251 1437 2295 5,
1454 2250 1499 2294 5;
1521 2249 1623 2295 apud

194 2323 288 2359 Plin.
309 2322 356 2358 H.
370 2320 418 2358 N.
448 2323 488 2357 ll
507 2316 596 2369 (55)
616 2321 689 2355 149
703 2316 899 2355 Detlefsen
918 2328 998 2354 cum
1022 2316 1103 2354 cod.
1118 2311 1170 2352 R²
1190 2315 1342 2361 scripsit
1357 2309 1624 2352 'incrementa'.

116 2387 434 2438 *equimeutmm
472 2390 543 2423 sat.
587 2385 632 2422 fr.
681 2386 756 2421 502
804 2385 869 2426 (R.
912 2385 1003 2428 218,
1046 2383 1086 2429 7)
1134 2377 1322 2429 ‘quantum
1374 2381 1627 2428 poposcissem

196 2454 368 2491 dedisses
399 2446 642 2500 equimenti?
674 2452 709 2488 h.
742 2461 773 2487 e.
813 2450 1007 2496 pecuniae,
1047 2459 1144 2495 quae
1187 2459 1255 2495 pro
1293 2448 1378 2494 equi
1417 2447 1627 2484 admissura

194 2520 317 2556 datur.
346 2518 566 2556 Derivatum
597 2521 721 2556 autem
752 2520 806 2553 est
838 2516 873 2552 h.
905 2527 937 2554 v.
969 2526 991 2553 a
1020 2514 1136 2552 verbo
1158 2513 1344 2560 equiendi.

122 2583 464 2622 *laevamemvmx
496 2586 620 2623 Varro
652 2585 803 2630 Quaest.
833 2582 958 2620 Plaut.
990 2582 1026 2618 ΙΙ
1056 2592 1116 2627 ap.
1147 2580 1245 2617 Non.
1279 2580 1313 2624 9,
1362 2581 1410 2616 18
1448 2570 1630 2616 ‘Amussis

201 2657 258 2689 est
289 2662 510 2697 aequamen,
546 2651 834 2689 laevanientum,
866 2648 903 2684 id
927 2652 981 2683 est
1003 2646 1101 2693 apud
1124 2644 1252 2683 fabros
1281 2645 1410 2682 tabula
1430 2645 1626 2692 quaedam,

198 2729 271 2767 qua
300 2722 460 2755 utuntur
489 2718 537 2755 ad
567 2728 659 2754 saxa
689 2708 976 2762 coagmentata'.
1385 2768 1407 2802 3
