1833 3048
752 17 1037 55 „35—

115 131 301 174 nominis
333 130 647 174 nominativum
670 130 902 173 subaudire
925 132 1128 184 oporteat
1147 130 1193 172 in
1214 130 1457 183 posteriore
1478 133 1666 174 membro

110 203 136 244 Ι
172 206 267 254 17,2
310 203 422 256 iique
459 217 562 256 quos
601 203 837 245 oham-arios
875 203 1012 245 nostra·
1052 204 1294 246 vocitarunt
1325 207 1362 245 et
1393 203 1519 246 etiam
1548 217 1668 247 mmo

111 279 214 317 sunt
244 275 293 316 in
324 273 432 315 Asia
464 275 547 313 etc.
582 271 657 326 (ad
689 284 813 323 quem
845 271 985 312 locum
1017 270 1093 312 cfr.
1127 270 1245 313 Keil.
1281 273 1448 324 comm.)
1481 274 1525 314 et
1557 273 1582 314 I
1614 276 1665 314 30

115 358 220 395 quae
351 343 457 397 fieri
494 344 725 397 oportuerit
763 348 799 385 et
836 357 926 386 non
963 348 1065 386 sunt
1101 344 1300 386 absoluta.
1365 341 1489 396 Quod
1521 346 1668 385 autem

113 413 161 454 X
198 416 249 453 73
283 413 435 457 Prima
468 436 523 442 —
556 411 649 453 scil.
689 412 857 464 species
897 437 951 443 —-
986 419 1045 456 est
1082 429 1163 468 qua
1202 416 1272 457 usi
1309 415 1479 468 antiqui
1518 419 1556 458 et
1592 430 1669 458 nos

113 485 364 538 reliquimus
396 482 452 524 ad
485 482 670 523 alterum
704 483 881 524 verbum
912 482 1080 524 finitum
1114 496 1167 525 ex
1199 483 1385 526 ablativi
1411 483 1552 526 forma
1572 496 1668 537 pro-

112 552 296 594 nominis
329 552 508 595 relativi
540 552 803 605 supplendus
838 555 908 594 est
941 553 1240 606 accusativus,
1280 553 1438 596 similia
1471 554 1669 607 exempla

113 635 198 665 non
229 636 328 665 raro
361 622 643 665 inveniuntur
675 622 789 676 apud
821 623 1069 676 scriptores.

231 693 305 736 Ad
327 693 595 735 sententiam
619 693 1009 737 demonstrativam
1028 693 1284 746 quibusdam
1305 694 1413 737 locis
1435 696 1668 747 propterea

113 763 263 806 debuit
297 763 483 816 scriptor
514 763 707 806 transire
739 776 793 805 ex
825 764 1046 806 enuntiati
1075 764 1254 807 relativi
1283 768 1520 818 structura,
1555 764 1669 817 quod

113 847 207 876 cum
229 834 331 876 bina
355 833 586 876 enuntiata
608 834 840 887 particulis
864 834 1140 877 correlativis
1164 838 1314 889 (εὑ-θέη-
1345 834 1668 890 neque-neque)

113 904 230 947 inter
268 917 314 947 se
354 904 669 953 coniunxisset,
713 904 758 946 in
797 905 941 947 altera
980 905 1231 948 sententiae
1273 908 1401 958 parte
1438 918 1670 958 pronomen

113 975 349 1018 relativum
381 975 498 1017 nullo
529 974 698 1017 omnino
720 975 843 1017 modo
866 988 1025 1028 ponere
1047 976 1204 1030 potuit,
1239 976 1277 1018 si
1299 976 1470 1028 quidem
1491 977 1670 1019 volebat

113 1048 379 1088 structuram
412 1045 790 1098 impeditissimam
823 1046 994 1090 evitare
1019 1047 1067 1102 1).

230 1117 255 1158 I
293 1121 386 1164 13‚5
420 1118 677 1172 Aedifieium
702 1152 709 1160 .
736 1152 744 1160 .
770 1153 778 1161 .
803 1133 853 1161 ex
884 1134 975 1162 mm
1000 1120 1119 1173 pmii
1148 1125 1339 1172 apertum
1361 1125 1398 1163 et
1420 1121 1464 1163 id
1485 1120 1533 1162 ab
1555 1134 1667 1173 area,

114 1201 206 1242 qno
248 1193 284 1231 ez‘·
331 1189 376 1232 in
420 1190 623 1232 trituram
663 1203 872 1244 proruere
918 1191 1044 1244 facile
1084 1191 1223 1244 possis
1267 1196 1304 1233 et
1337 1225 1344 1232 .
1381 1221 1389 1228 .
1425 1223 1433 1231 .
1467 1192 1583 1233 <inde
1624 1195 1672 1233 ut

114 1274 270 1302 rursus
318 1260 505 1302 celeriter
545 1261 723 1313 reicerej
769 1259 794 1301 Ι
840 1263 931 1308 16‚1
978 1258 1044 1312 (Si
1085 1259 1230 1301 vicina
1272 1260 1392 1314 regio
1434 1259 1540 1302 talis
1583 1259 1671 1312 est)

114 1346 207 1385 quo
238 1344 373 1384 neque
403 1332 572 1385 fruetus
603 1334 771 1374 nostros
803 1336 1023 1386 exportare
1055 1332 1247 1386 eoepecliaz‘·
1268 1345 1401 1386 neque
1428 1333 1546 1375 inde
1567 1347 1672 1386 quae

115 1416 219 1456 opus
250 1406 354 1444 sunt
384 1402 619 1456 adpow‘are.
682 1400 879 1452 Utroque
911 1401 1004 1443 loco
1038 1413 1091 1442 ex
1122 1400 1310 1444 relativo
1343 1418 1441 1457 quo
1480 1401 1672 1444 transire

115 1470 310 1513 videmus
345 1470 602 1523 scriptorem
635 1470 691 1512 ad
724 1470 956 1512 demonstr.
990 1474 1006 1515 «ι’
1019 1473 1090 1515 nd
1103 1487 1131 1515 e.

234 1540 460 1583 simillime
492 1541 543 1582 ΙΙ
575 1544 672 1594 4,12
706 1553 801 1582 cum
834 1541 1063 1584 enuntiato
1084 1541 1274 1585 relativo
1307 1541 1511 1584 bifariam
1534 1541 1672 1585 diviso

115 1611 182 1654 uti
214 1611 415 1664 voluerit,
450 1614 599 1653 tamen
633 1623 727 1652 cum
759 1615 989 1664 utramque
1020 1615 1190 1665 partem
1214 1611 1510 1654 coniunxisset
1536 1613 1673 1665 parti-

116 1681 224 1724 culis
256 1697 346 1727 own
377 1683 511 1725 solum
535 1716 543 1725 .
570 1717 577 1725 .
601 1684 672 1726 sed
703 1684 829 1726 etiam
852 1716 858 1722 .
884 1718 907 1737 .,
941 1695 967 1724 a
990 1686 1214 1725 structura
1240 1682 1449 1724 incohata
1470 1683 1672 1726 recedere

117 1756 295 1795 coactus
337 1752 381 1794 in
419 1752 561 1794 altero
599 1753 789 1794 membro
822 1753 878 1794 ad
908 1753 1246 1806 propositionem
1280 1753 1672 1797 demonstrativam

117 1822 332 1877 confugit3
376 1839 492 1867 suem
534 1837 657 1877 quae
690 1858 699 1867 .
735 1859 742 1867 .
776 1839 865 1868 ozon
907 1826 1024 1867 modo
1066 1840 1238 1881 sumere
1281 1840 1370 1869 ozon
1403 1830 1561 1880 posset,
1604 1827 1675 1868 sed

117 1897 243 1939 etiam
273 1899 321 1938 ut
352 1895 412 1937 in·
434 1895 542 1938 eius
574 1909 742 1950 corpore
773 1910 895 1939 sorex
919 1926 926 1933 -
954 1926 961 1934 ·
986 1897 1138 1940 nidum
1169 1896 1344 1951 fecisset.

121 2056 215 2101 quod
248 2056 340 2091 hanc
375 2060 599 2091 structuram
636 2057 691 2092 ita
723 2060 866 2092 tantum
902 2057 1121 2100 admittunt,
1157 2061 1197 2092 ut
1228 2057 1368 2092 formae
1402 2057 1605 2093 accusativi
1637 2063 1675 2093 et

118 2115 335 2150 nominativi
359 2126 465 2159 pares
499 2115 595 2150 inter
631 2126 668 2150 se
695 2115 785 2159 sint3
814 2115 1045 2159 quamobrem
1070 2126 1141 2151 non
1166 2123 1365 2161 usurpatur
1389 2116 1460 2152 nisi
1484 2116 1521 2151 in
1548 2116 1673 2151 formis

119 2175 268 2220 generis
295 2175 460 2210 neutrius
487 2175 607 2220 (quod,
634 2177 754 2220 qnae).
803 2174 907 2210 Hanc
925 2176 1044 2220 legem
1072 2186 1116 2210 ne
1144 2187 1165 2210 a
1182 2175 1345 2211 Varrone
1365 2176 1507 2220 quidem
1525 2175 1674 2221 neglegi

117 2234 282 2278 exempla
307 2234 451 2278 prolata
477 2233 738 2269 demonstrant.

216 2293 242 2338 1)
269 2293 362 2327 Nam
394 2293 520 2328 brevia
541 2293 731 2328 enuntiata
761 2293 918 2328 relativa
944 2294 1074 2336 (neque
1100 2293 1257 2328 relativa
1280 2297 1442 2337 tantum,
1470 2293 1533 2329 sed
1558 2293 1673 2329 cuius-

116 2351 171 2386 vis
211 2351 358 2396 generis
397 2352 588 2387 enuntiata
626 2352 855 2397 secundaria)
896 2352 1089 2396 particulis
1136 2352 1365 2387 correlativis
1406 2352 1461 2387 ita
1503 2352 1673 2397 coniungi

123 2416 289 2454 possunt,
315 2414 357 2445 ut
382 2411 564 2455 particula
590 2411 809 2446 correlativa
835 2411 871 2445 in
897 2411 1017 2454 priore
1035 2411 1193 2446 membro
1214 2415 1388 2454 sequatur
1404 2421 1600 2454 pronomen
1617 2421 1672 2446 re-

116 2468 291 2511 lativum,
325 2468 362 2503 in
396 2470 512 2504 altero
547 2470 751 2505 antecedat.
804 2470 914 2505 Velut
953 2469 1090 2514 legitur
1123 2469 1162 2503 II
1189 2471 1219 2512 7,
1250 2470 1291 2504 10
1326 2469 1516 2504 videndum
1541 2481 1586 2504 ne
1612 2473 1676 2504 aut

118 2526 282 2562 laborent
312 2527 519 2573 plusculum
547 2533 610 2563 aut
640 2540 685 2563 ne
706 2528 859 2574 friqidis
885 2528 973 2563 locis
998 2529 1090 2569 se‘nt;
1117 2529 1171 2563 III
1197 2530 1236 2570 7,
1262 2530 1283 2562 5
1318 2528 1413 2562 unde
1440 2532 1473 2562 ec
1497 2528 1616 2564 bibere
1641 2533 1676 2564 et

118 2586 179 2620 ubi
210 2586 329 2621 lavari
357 2588 519 2633 possint,·
551 2587 641 2622 VIII
669 2590 686 2622 2
713 2588 811 2633 quod
835 2592 867 2622 et
886 2616 892 2623 .
913 2615 919 2622 .
947 2592 980 2622 et
1004 2587 1102 2632 qnod
1119 2615 1126 2622 .
1147 2600 1176 2627 .‚·
1202 2587 1252 2621 IX
1278 2589 1298 2621 7
1324 2598 1390 2621 cur
1415 2598 1488 2622 non
1512 2587 1643 2621 modo.
1664 2616 1671 2623 .

120 2643 186 2678 sed
211 2645 315 2679 eliam
342 2656 407 2680 cur
426 2672 433 2679 .
453 2671 460 2679 .
481 2671 489 2681 .
539 2646 675 2680 Eadem
701 2646 894 2681 verborum
920 2645 1159 2680 collocatione
1186 2646 1297 2681 etiam
1323 2645 1448 2681 Cicero
1474 2645 1608 2689 utitur,
1634 2646 1672 2681 in

120 2701 288 2747 epistulis
315 2704 561 2747 potissimum,
590 2704 654 2740 cfr.
682 2705 727 2740 ad
752 2706 829 2740 Att.
864 2706 880 2739 I
916 2706 953 2747 5,
979 2706 1002 2739 4
1028 2704 1190 2747 (accidit,
1216 2708 1257 2738 ut
1279 2708 1313 2738 et
1337 2705 1559 2739 contentione
1585 2704 1674 2739 m'lzc'l

122 2771 215 2806 opus
242 2766 335 2796 esset
361 2767 395 2796 et
421 2768 455 2797 ut
481 2774 545 2808 eqo
571 2763 713 2798 mallem
740 2766 826 2809 etc.)
854 2767 892 2799 et
916 2763 999 2799 vide
1017 2762 1215 2798 Hofmanni
1241 2768 1363 2797 notam
1389 2763 1425 2797 in
1452 2763 1538 2798 edit.
1567 2764 1669 2807 epist.

121 2819 137 2851 I
162 2829 196 2862 p.
222 2820 277 2855 63.
