1833 3048
786 61 1074 98 ..53-

148 177 266 220 tivus
309 176 359 218 II
403 180 468 228 5,5
514 180 729 230 praeterea
772 177 856 219 seio
904 176 1018 219 Immo
1059 192 1142 220 esse
1182 178 1229 220 ‹ifn
1273 189 1393 228 quem
1433 176 1703 232 potissimam

147 248 344 303 Iuppiter
390 262 432 290 se
473 248 692 290 convertit
732 280 740 288 .
782 280 811 300 .,
854 248 969 290 lame
1011 262 1095 290 esse
1137 248 1211 301 qui
1249 247 1368 301 filios
1409 248 1603 301 Neptuni
1642 280 1649 289 .
1692 280 1700 289 .

150 319 341 362 servarit.

266 386 416 428 Etiam
448 386 492 428 in
535 386 719 438 obliquis
756 385 1174 440 interrogationibus
1191 386 1225 442 1)
1266 386 1484 430 interdum
1517 411 1572 416 —
1602 398 1702 428 raro

149 469 253 499 sane
286 481 342 487 —
374 456 640 499 indicativus
673 456 847 498 videtur
878 460 1082 500 servatus
1115 469 1232 510 esse,
1268 461 1387 500 certe
1419 457 1464 500 in
1494 456 1618 499 libris
1651 456 1703 499 de

146 528 175 570 1.
208 527 258 571 l‚:
294 539 549 579 quamquam
582 539 887 579 nonnunquam
920 527 1113 570 dubitari
1150 530 1298 580 potest
1336 530 1481 571 utrum
1519 528 1702 570 interro-

148 597 270 652 gatio
318 598 364 640 in
409 597 651 640 indicativo
698 598 822 640 modo
870 598 1015 651 posita
1061 611 1137 651 pro
1184 598 1532 653 interrogatione
1578 600 1703 640 reeta

146 668 291 722 potius
332 681 387 710 an
427 681 502 721 pro
544 667 718 720 obliqua
757 668 1011 721 accipienda
1050 668 1122 711 sit.
1187 668 1319 711 Oerte
1352 682 1386 711 e.
1421 683 1462 724 g.
1496 669 1616 714 VIII
1649 672 1701 708 33

148 741 185 782 si
218 737 289 794 (ea
322 738 527 792 analogia
560 739 779 791 sequenda
812 743 880 781 est
911 739 1051 791 nobis)
1084 755 1190 795 quae
1221 755 1311 784 non
1350 746 1408 784 est
1446 742 1496 784 in
1534 755 1703 784 consue-

147 812 314 865 tudine,
358 824 627 862 quaeremus:
664 815 711 853 ut
749 812 924 865 quisque
960 812 1043 854 (luo
1081 812 1202 854 verba
1242 813 1293 855 in
1324 816 1524 866 quattuor
1553 812 1705 866 formis

142 883 330 935 finxerit
361 883 570 935 similiter,
604 883 795 935 quanm-is
826 883 925 925 haee
951 883 1150 935 nolimus,
1184 887 1325 926 tamen
1346 887 1474 925 eremit
1494 883 1706 934 sequenda

148 958 195 995 ‘nt
235 953 426 1007 Iuppitri.
470 952 774 1007 Mem-sparena>
822 954 999 1004 propter
1047 954 1189 993 totam
1237 951 1320 993 loci
1364 954 1568 993 naturam
1611 951 1705 993 sola

148 1021 440 1075 interrogatio
488 1025 613 1063 recta
663 1024 767 1074 apte
815 1021 1111 1075 intellegetur.
1191 1022 1347 1063 Paullo
1395 1024 1543 1063 autem
1590 1021 1705 1063 infra

149 1091 194 1148 (ξ
242 1096 291 1133 71
336 1094 441 1136 Item
486 1099 698 1148 quaerum
739 1095 777 1135 si
818 1095 872 1137 sit
913 1095 1112 1149 mzcdoqict
1160 1109 1236 1136 em·
1283 1094 1517 1148 appellant
1564 1108 1706 1136 omnes

151 1165 291 1207 aedem.
327 1163 469 1207 Deum
508 1163 781 1208 Consentium
820 1169 857 1207 et
894 1179 983 1208 ‘mm
1020 1165 1210 1207 Deorum
1244 1163 1548 1208 Consentium?
1598 1164 1706 1207 Item,

149 1250 227 1278 eur
274 1236 472 1278 dicatur
515 1236 627 1278 mille
670 1235 931 1288 Demetrium„
982 1250 1071 1279 non
1112 1236 1225 1278 mille
1264 1235 1561 1278 Denariormn
1602 1235 1703 1284 etc.)

151 1304 352 1357 obliquae
383 1308 433 1347 ut
464 1304 640 1346 videtur
671 1304 1031 1359 interrogationis
1065 1304 1349 1348 indicativum
1370 1307 1470 1358 post
1492 1304 1705 1357 quaedam

150 1376 286 1418 verba
335 1375 498 1428 excipit
541 1374 841 1417 coniunctivus
863 1373 894 1425 2)
945 1387 1069 1427 quem
1112 1387 1217 1417 sane
1259 1375 1304 1416 in
1345 1374 1487 1428 priore
1539 1386 1705 1427 quoque

150 1447 340 1489 membro
372 1446 637 1499 interpretes
670 1445 1041 1488 desideraverunt.
1095 1445 1168 1487 An
1201 1445 1336 1487 etiam
1367 1446 1447 1487 hoc
1474 1445 1566 1487 loco
1588 1444 1706 1498 prior

150 1529 252 1570 pars
287 1516 542 1570 accipienda
574 1520 643 1559 est
675 1529 751 1570 pro
774 1519 899 1559 recta
920 1516 1268 1571 interrogatione
1290 1529 1367 1570 pro
1390 1529 1475 1569 qua
1496 1516 1541 1558 in
1563 1516 1705 1558 altero

151 1587 340 1629 membro
383 1587 557 1639 obliqua
600 1587 826 1640 supposita
868 1586 1009 1641 sitP3)
1076 1587 1225 1629 Etiam
1265 1588 1308 1632 V
1344 1591 1444 1640 1403
1487 1588 1536 1629 X
1570 1591 1613 1639 93
1656 1586 1706 1628 X

152 1662 204 1698 58
239 1660 351 1699 extr.
385 1657 592 1711 leguntur
623 1657 855 1700 indicativi
887 1657 1051 1699 formae
1081 1670 1192 1710 quae
1215 1669 1342 1710 quam
1373 1660 1494 1700 recte
1527 1656 1705 1699 tradan-

150 1731 223 1771 tur
256 1731 301 1770 et
333 1740 445 1770 nunc
478 1730 652 1770 certant
685 1728 965 1782 grammatici
998 1731 1043 1770 et
1076 1740 1245 1781 semper
1265 1728 1319 1770 lis
1342 1728 1427 1770 erit
1449 1728 1528 1770 sub
1550 1727 1703 1780 iudice,

151 1812 245 1842 cum
278 1798 428 1851 aequis
462 1798 592 1841 armis
624 1799 798 1851 utrique
839 1802 1035 1853 pugnent
1074 1811 1250 1850 quorum
1288 1798 1421 1841 alteri
1457 1798 1569 1840 idem
1608 1810 1705 1840 con-

149 1869 338 1912 tendunt
371 1869 504 1912 alteri
536 1872 714 1924 negant.

270 1940 474 1983 Ceterum
518 1952 554 1982 e.
593 1954 634 1994 g.
668 1940 738 1985 VI
780 1944 829 1981 12
873 1941 1029 1984 Dicam
1063 1942 1193 1993 prius
1234 1942 1308 1994 qm·
1349 1942 1522 1985 deorum
1563 1955 1704 1994 eausa,

151 2018 241 2056 tum
273 2014 347 2067 Qui
377 2013 564 2056 hominis
586 2017 707 2056 sunt
726 2014 917 2056 instituti
940 2011 1213 2053 enuntiatum
1235 2023 1320 2053 non
1340 2010 1707 2064 interrogativum

152 2086 234 2136 est,
269 2082 345 2125 sed
377 2082 625 2131 relativum,
659 2082 815 2125 omisso
848 2081 1047 2124 nimirum
1080 2081 1422 2125 demonstrativo
1455 2080 1705 2135 pronomine

151 2156 199 2198 de
230 2155 287 2197 iis
317 2153 511 2209 (diebus),
546 2153 621 2196 cfr.
656 2165 788 2206 supra
820 2166 860 2206 p.
886 2156 953 2192 43.

275 2341 303 2384 1)
331 2340 404 2375 Cfr.
424 2340 587 2375 Schmalz
606 2341 625 2385 ξ
644 2341 713 2375 214
730 2355 775 2370 =
795 2340 842 2385 ²p.
870 2339 939 2375 475
958 2340 1048 2375 med.
1100 2340 1154 2375 De
1173 2339 1356 2375 Ciceronis
1375 2349 1443 2375 usu
1469 2340 1533 2376 cfr.
1553 2340 1704 2377 Thielm.

149 2410 184 2443 p.
210 2400 290 2434 432.

274 2457 304 2502 2)
331 2457 452 2492 Plaut.
479 2457 638 2492 Mostell.
666 2458 752 2494 190:
779 2457 856 2492 vide
882 2468 973 2503 quae
999 2458 1064 2492 sim
1091 2461 1123 2491 ec
1149 2468 1238 2503 quae
1262 2457 1323 2502 fui
1346 2460 1439 2499 ante,
1474 2456 1537 2491 cfr.
1564 2457 1705 2493 Lorenz

151 2516 195 2551 ad
222 2517 254 2550 h.
282 2516 306 2551 1.
334 2520 371 2550 et
395 2516 547 2559 Becker,
574 2515 734 2551 Studem.
762 2515 861 2550 stud.
889 2516 905 2549 Ι
930 2527 963 2560 p.
991 2516 1070 2551 296.

274 2575 301 2619 3)
326 2574 383 2609 Ex
409 2574 572 2609 oratione
600 2574 745 2618 obliqua
771 2574 952 2609 transitus
979 2574 1024 2608 ad
1050 2577 1188 2609 rectam
1208 2574 1269 2617 qui
1288 2573 1421 2608 ceteris
1441 2584 1580 2618 quoque
1599 2575 1705 2619 scrip-

154 2633 300 2669 toribus
326 2633 486 2669 usitatus
514 2637 572 2669 est
597 2634 676 2678 (cfr.
704 2634 852 2668 Kiihner
877 2644 910 2677 p.
940 2633 1029 2667 1038
1057 2644 1089 2667 11.
1116 2633 1152 2677 5)
1178 2632 1272 2677 apud
1297 2632 1496 2668 Varronem
1522 2632 1707 2669 invenitur

152 2693 187 2727 ΙΙ
215 2694 294 2737 1,·27
323 2719 330 2727 .
357 2718 364 2726 .
392 2692 527 2727 subicio
553 2692 745 2738 Maqonem
772 2696 807 2727 et
822 2692 1036 2738 Dionysiam
1063 2691 1221 2726 scribere
1247 2719 1254 2727 .
1281 2716 1289 2725 .
1318 2719 1325 2726 .
1379 2692 1501 2734 chare
1528 2703 1599 2727 non
1626 2719 1634 2727 .
1661 2719 1668 2727 .
1697 2717 1705 2727 .

153 2751 332 2786 adsentiri
356 2762 479 2786 omnes
505 2754 634 2787 terras.
686 2751 809 2797 Neque
835 2751 929 2785 enim
955 2750 1169 2785 hirundines
1194 2753 1229 2784 et
1252 2751 1412 2786 ciconiae
1439 2777 1445 2785 .
1473 2777 1481 2786 .
1508 2777 1517 2787 .
1544 2779 1551 2787 .
1578 2751 1615 2785 in
1633 2762 1705 2786 om-

151 2809 258 2844 nibus
292 2810 401 2845 terris
432 2811 592 2856 pariunt.
644 2809 724 2845 Non
763 2810 860 2845 scitis
887 2838 894 2845 .
923 2835 929 2843 .
959 2810 990 2844 ..⁹
1039 2809 1237 2844 Praeterea¹
1272 2808 1336 2845 cfr.
1365 2809 1404 2844 O.
1432 2809 1565 2845 Miiller
1589 2810 1703 2855 praef.

150 2879 184 2913 p.
210 2868 378 2905 XXXIV.
