1833 3048
783 71 1073 109 ...55—

150 183 192 227 V
229 187 305 223 181
351 185 469 228 Hine
504 185 711 229 elimentur
746 188 899 229 milites
930 188 1105 231 Aerem-ii
1141 190 1190 232 αῖ)
1228 203 1322 232 aere
1353 191 1461 240 quod
1491 192 1701 245 stipendia

151 254 392 310 facerenffl),
425 254 498 297 ubi
529 259 705 307 spectat
738 256 1038 300 coniunctivus
1069 261 1258 315 facerent
1289 258 1344 299 ad
1377 271 1471 300 eam
1505 262 1701 302 aetatem

152 337 236 376 qua
269 325 550 367 Aerariorum
581 337 735 367 nomen
767 327 967 379 usurpari
1000 332 1196 381 coeptum
1230 332 1317 381 est3
1351 332 1556 374 dictentur
1588 330 1701 372 enim

151 415 205 428 Ξ
244 395 376 443 „dicti
409 399 510 437 sunt
543 398 588 438 et
621 395 753 438 etiam
784 409 897 439 1111110
930 398 1179 448 dicuntur“;
1214 399 1415 441 similiter
1442 401 1482 444 V
1506 404 1573 450 40,
1607 413 1702 443 cum

149 465 335 518 perfecti
376 465 541 508 formae
582 467 693 510 dicte
735 466 861 509 simul
903 468 1151 520 praesentis
1189 470 1396 522 temporis
1428 470 1547 512 notio
1580 471 1700 519 insit,

153 536 339 590 scriptor
360 539 403 579 in
422 536 651 579 enuntiato
669 538 924 580 secundario
942 539 1263 584 coniunctivum
1279 541 1526 593 praesentis
1542 541 1700 594 posuit.

862 668 883 721 ξ
919 669 987 708 36.

672 738 745 780 De
776 738 1046 790 particula
1079 755 1185 783 eccm

151 818 227 862 cfr.
263 819 464 863 Schmalz
497 819 570 872 Sy.
606 822 628 871 ξ
663 823 745 860 268
779 833 871 872 sqq.
905 824 951 863 et
983 833 1088 873 quos
1120 821 1195 864 ille
1226 821 1392 864 laudat.
1445 823 1514 865 Ex
1537 821 1703 877 origine

149 889 396 942 particulae
428 902 454 932 a
485 889 747 943 pronominis
779 890 959 934 relativi
980 891 1128 933 radice
1156 893 1346 944 petenda
1369 905 1463 935 cum
1486 897 1703 947 appareat

149 960 329 1012 primum
363 961 444 1003 soli
474 960 714 1003 indicativo
747 960 792 1002 in
823 961 891 1003 his
924 962 1166 1004 enuntiatis
1197 963 1336 1005 locum
1368 963 1523 1017 fuisse,
1566 964 1702 1007 etiam

154 1031 267 1083 apud
300 1032 540 1075 Varronem
583 1031 667 1073 loci
709 1031 882 1083 quidam
915 1035 1017 1074 sunt
1050 1032 1203 1085 quibus
1235 1032 1301 1075 ita
1332 1034 1508 1088 legatur
1539 1034 1703 1077 indica-

150 1101 268 1144 tivus
300 1110 349 1144 ut
381 1102 695 1156 interpretibus
729 1101 954 1145 offensioni
985 1103 1135 1156 fuerit3
1169 1104 1291 1147 velut
1314 1105 1407 1150 VII
1430 1109 1482 1145 45
1506 1106 1704 1150 Eandem

147 1173 408 1228 Pompilium
439 1175 502 1217 ait
525 1172 726 1228 (Ennius)
755 1176 902 1230 fecisse
925 1174 1145 1229 flamines,
1179 1176 1253 1226 qm
1285 1191 1379 1218 omn
1411 1191 1553 1219 omnes
1584 1182 1705 1220 sunt

148 1259 175 1288 ct
216 1245 401 1300 sinentis
447 1246 535 1288 deis
577 1246 876 1300 eoynomc'mtti,
928 1247 975 1289 in
1016 1247 1269 1297 quibusdam
1310 1252 1517 1301 apparent
1557 1245 1701 1299 ἑ’τυ.ιια;

148 1314 269 1358 VIII
303 1318 354 1354 39
391 1315 506 1367 Quae
545 1331 639 1358 eum
677 1317 902 1371 ‘i‘qnorctnt
939 1317 1132 1370 sequitur
1163 1321 1211 1359 ut
1243 1332 1337 1359 eum
1369 1318 1611 1373 analoyiam
1643 1320 1704 1361 di-

149 1400 237 1429 cere
269 1400 358 1429 non
382 1387 551 1440 possint
589 1387 706 1440 sequi
745 1387 939 1438 <non>
977 1387 1206 1430 debecmms.
1269 1387 1466 1439 Uterque
1506 1400 1612 1430 sane
1643 1388 1704 1430 lo-

148 1467 224 1498 cus
269 1455 477 1497 facillimo
519 1455 696 1509 negotio
739 1455 900 1497 mutari
942 1458 1109 1509 potest;
1158 1469 1238 1499 nec
1280 1460 1429 1499 tamen
1471 1457 1704 1510 quidquam

149 1526 300 1568 obstat
340 1525 379 1568 ei
417 1526 799 1578 interpretationi,
833 1529 882 1568 ut
914 1526 959 1568 in
991 1526 1219 1569 enuntiato
1252 1528 1507 1570 secundario
1540 1532 1703 1582 tempo-

148 1596 258 1638 ralis
290 1596 410 1638 notio
442 1596 706 1639 remansisse
740 1595 975 1652 dicatur2)‚
1016 1597 1157 1639 altero
1195 1598 1287 1640 loco
1321 1611 1373 1640 ea
1406 1598 1576 1650 quidem
1609 1611 1704 1642 cum

151 1666 437 1709 condicionali
471 1667 715 1711 coniuncta.
765 1666 850 1710 Sed
872 1668 922 1709 Π
948 1671 1045 1721 11,9
1071 1666 1248 1710 offensio
1278 1681 1405 1721 quam
1437 1668 1703 1713 indicativus

107 1757 109 1759 ·
148 1738 392 1790 praebebat
426 1737 587 1790 optime
620 1738 798 1780 sublata
831 1740 900 1780 est
923 1751 949 1780 a
977 1738 1126 1780 Keilio
1158 1738 1202 1780 in
1235 1739 1298 1781 ed.
1332 1739 1446 1793 min„
1480 1739 1701 1794 interpun-

150 1808 292 1862 gendo
323 1808 524 1850 nimirum
557 1812 656 1862 post
688 1821 727 1851 v.
761 1814 895 1853 tonsa.

266 1878 546 1922 Coniunctivi
583 1879 840 1922 insolentius
883 1878 1015 1932 positi
1059 1880 1168 1922 haec
1210 1881 1408 1933 exempla
1439 1881 1705 1925 videbantur

148 1948 407 2002 proferenda
460 1962 575 1992 esse:
629 1950 706 1992 ΙΠ
745 1954 841 2003 9,15
892 1949 1218 2004 (prodigendae)
1262 1967 1356 1995 cum
1409 1958 1562 1997 aestate
1613 1959 1704 1997 tum

148 2022 293 2075 utique
330 2036 425 2064 cum
456 2026 671 2076 tempestas
709 2022 764 2065 sit
800 2022 936 2065 mollis
977 2026 1099 2073 atque
1141 2023 1334 2077 apricum
1376 2022 1449 2065 ubi
1481 2035 1565 2066 non
1597 2036 1702 2077 opus

272 2172 299 2215 1)
326 2171 451 2206 Lectio
477 2171 669 2207 verborum
702 2182 774 2206 non
800 2171 891 2207 satis
918 2175 1071 2206 constat.
1123 2171 1178 2206 An
1211 2172 1334 2207 deleta
1366 2174 1625 2218 praepositone
1651 2175 1702 2210 ab

150 2229 379 2265 scribendum
417 2229 513 2264 Hinc
551 2230 719 2265 dicmecur
761 2230 888 2265 milites
931 2231 1099 2273 Aerarii,
1145 2230 1218 2276 [ab]
1264 2242 1349 2266 aere
1386 2233 1483 2277 quod
1523 2233 1702 2279 stipendia

146 2287 336 2335 facerent?

273 2348 303 2392 2)
332 2347 497 2382 Solimalz
530 2347 552 2383 l.
579 2347 620 2382 l.:
661 2347 905 2393 „Bedingung
942 2348 1002 2383 fiir
1033 2348 1274 2394 Anwendung
1317 2348 1379 2384 des
1413 2349 1615 2386 Indikativs
1653 2351 1704 2386 ist

148 2407 342 2452 Wahrung
382 2406 453 2451 der}
480 2406 910 2452 Zeit-Selbst'andigkeit
951 2407 1015 2442 der
1055 2407 1108 2442 als
1147 2407 1401 2453 Bestimmung
1435 2408 1534 2444 einer
1566 2410 1702 2445 andern

152 2465 478 2510 herangezogenen
504 2465 736 2510 Handlung“.
788 2465 854 2500 cfr.
879 2465 1000 2500 Plaut.
1026 2465 1133 2500 Most.
1163 2466 1253 2500 1140
1280 2469 1339 2509 (=
1368 2467 1458 2501 1155
1483 2466 1560 2512 R.):

385 2553 391 2560 .
420 2553 426 2560 .
455 2553 460 2559 .
489 2524 597 2559 Illum
622 2524 774 2570 prodire
793 2524 910 2570 pudet
933 2524 969 2558 in
996 2528 1224 2569 conspectum
1250 2527 1344 2559 tuom

385 2582 542 2629 Propter
568 2594 611 2617 ea
637 2594 728 2628 quae
752 2583 850 2628 fecit,
877 2594 981 2627 quom
1008 2586 1039 2616 te
1067 2583 1160 2617 scire
1186 2583 1261 2619 scit.

147 2641 208 2677 Ad
235 2651 340 2686 quem
365 2641 484 2676 locum
518 2642 611 2686 quod
645 2643 797 2677 adnotat
822 2642 963 2677 Lorenz
997 2641 1172 2676 eiusmodi
1198 2641 1288 2676 locis
1316 2641 1518 2686 particulae
1545 2653 1624 2678 cum
1648 2643 1702 2679 ita
1760 2636 1763 2637 ⁷

150 2700 270 2736 inesse
295 2700 480 2736 notionem
505 2701 743 2746 temporalem
769 2700 875 2736 simul
902 2704 938 2735 et
975 2700 1156 2735 causalem
1181 2703 1224 2735 ut
1249 2701 1285 2736 in
1310 2701 1474 2745 ponendo
1510 2702 1614 2736 modo
1648 2702 1701 2738 in-

149 2759 309 2795 dicativo
347 2759 459 2804 priori
497 2759 637 2794 notioni
668 2760 787 2794 altera
822 2758 1058 2794 subordinata
1094 2769 1174 2794 esse
1206 2759 1392 2794 videatur:
1431 2770 1474 2795 ea
1506 2760 1700 2804 explicatio

151 2829 222 2854 non
250 2818 395 2854 diversa
421 2821 479 2853 est
504 2829 525 2853 a
543 2818 736 2853 Schmalzii
763 2821 1039 2860 ceterorumque
1066 2817 1126 2861 qui
1150 2817 1406 2853 Hoffmannum
1433 2824 1642 2862 sequuntur,
1670 2819 1701 2854 si

150 2876 394 2913 addiderimus
413 2887 457 2913 ex
475 2876 668 2922 temporali
686 2876 833 2912 notione
853 2879 996 2912 ceteras
1013 2875 1166 2911 voculae
1185 2875 1350 2912 notiones
1369 2886 1449 2913 esse
1467 2876 1697 2913 derivandae.
