1787 3043
155 156 231 195 156
536 168 590 195 DE
622 167 1031 200 ENusciA'rroNIBUs.
1079 172 1172 200 CAP.
1198 173 1288 201 xn‘.

151 287 303 334 poetae.
346 297 385 322 Υ.
415 284 515 323 759;
546 287 727 324 manibus
761 288 802 323 ab
831 289 861 325 si
889 290 933 325 fit
957 289 1056 326 divis
1078 291 1266 327 mactatu’
1289 293 1465 340 repente.
1506 302 1547 327 v.
1574 288 1674 327 765:

149 353 309 389 naribus
331 353 505 403 alipedes
522 355 564 389 ut
587 355 689 391 cervi
711 368 826 405 saepe
848 360 1042 405 putantur
1064 356 1206 393 ducere
1233 358 1339 393 cett.
1364 368 1405 393 v.
1424 356 1527 394 925:
1553 359 1677 407 trigus

151 419 193 454 ub
214 433 235 457 a
255 420 396 457 fluviis.
428 417 509 466 IV,
527 420 630 458 402:
656 423 720 459 vix
745 424 787 459 at
808 425 886 460 iam
908 424 1064 460 credere
1088 425 1252 473 possint.
1283 435 1322 460 v.
1344 423 1471 462 1276:
1498 429 1539 462 et
1559 426 1679 462 simul

148 487 233 535 ipsa
266 487 357 523 viris
392 489 525 525 Venus
562 491 604 525 ab
637 492 868 527 concinnior
901 494 1014 527 esset.
1064 488 1110 537 Y,
1137 489 1239 528 572:
1277 492 1333 528 nil
1361 492 1459 529 adeo
1490 493 1531 528 ut
1554 493 1677 542 possis

149 554 237 603 plus
259 558 329 591 aut
350 556 481 593 minus
504 557 660 594 addere.
696 569 736 593 Υ.
761 556 860 593 601τ
888 571 932 594 ex
954 572 1033 595 uno
1056 559 1184 608 capite
1206 560 1270 595 hic
1296 559 1337 594 ut
1359 560 1529 609 profluat
1550 560 1676 597 ardor.

149 633 187 657 Υ.
223 619 323 658 904:
361 624 429 672 qui
461 625 544 661 fieri
578 626 729 674 potuit,
770 625 920 674 triplici
962 638 1051 662 cum
1091 639 1252 676 corpore
1286 628 1328 662 ab
1362 640 1441 664 una
1476 648 1515 652 —
1552 628 1676 664 flaret.

149 701 187 725 v.
214 688 314 726 914:
347 694 455 728 trans
483 693 607 729 maria
635 693 716 729 alta
745 693 890 742 pedum
921 693 1028 729 nisus
1061 694 1102 729 at
1130 708 1275 743 ponere
1298 700 1442 744 posset.
1484 706 1525 731 V.
1552 693 1675 731 1266.

148 753 226 802 VI,
259 756 358 794 251:
392 759 568 809 undique
599 757 657 796 aba?
684 761 866 798 tenebras
897 761 1024 797 omnis
1051 763 1283 798 Acherunta
1316 775 1470 799 reamur
1503 763 1677 812 liquisse.

149 836 188 860 Υ.
214 823 313 862 267:
345 827 509 863 flumina
538 828 739 865 abundare
770 829 811 864 246
841 829 1027 865 facerent.
1070 840 1110 864 Υ.
1138 824 1240 866 ῑὶὸὃτ
1275 831 1491 879 exprimere
1516 830 1558 865 ut
1580 830 1677 866 caeli

148 892 358 930 videantur
386 895 537 944 templa
564 909 743 944 superne.
786 907 827 931 v.
854 894 955 932 291:
989 897 1115 933 omnis
1147 894 1207 932 tobi
1235 897 1418 934 videatur
1447 898 1488 934 in
1510 897 1678 934 imbrem

147 961 292 997 vert-ier
313 962 460 998 aether.
496 973 536 998 V.
561 961 664 999 403:
691 977 812 1013 prope
835 964 879 999 ut
899 963 993 1000 hinc
1015 964 1086 1001 teli
1109 964 1349 1001 determinet
1374 966 1489 1001 ictus.
1522 976 1561 1001 v,
1580 962 1674 1001 639:

147 1041 214 1077 per
236 1030 367 1065 fauces
388 1030 535 1066 montis
560 1031 602 1066 1th
623 1033 777 1068 Aetnae
800 1032 980 1080 expirent
1002 1032 1125 1080 ignes.
1169 1043 1208 1067 v.
1238 1030 1337 1069 784:
1367 1033 1507 1082 capitis
1530 1033 1678 1069 faciant

149 1095 190 1130 ab
211 1109 326 1146 saepe
349 1097 516 1134 dolores.
560 1109 600 1135 Υ.
626 1097 728 1135 887ῑ
754 1099 904 1135 calidus
928 1104 1047 1148 queat
1072 1100 1113 1135 at
1135 1100 1218 1137 fieri
1240 1101 1338 1136 fons.
1381 1112 1421 1135 Υ.
1447 1098 1547 1136 90·7;
1579 1100 1678 1149 lapis

148 1163 210 1199 hic
235 1163 276 1198 ιιύ
298 1167 443 1202 serrum
467 1166 608 1202 ducere
631 1166 767 1215 possit.
805 1178 842 1202 Υ.
869 1164 970 1203 973ε
994 1167 1277 1204 insatiabiliter
1298 1168 1375 1204 toti
1404 1168 1445 1203 nt
1466 1167 1680 1204 volvantur

146 1231 306 1268 ibidem.
350 1244 390 1267 v.
418 1231 545 1269 1064:
579 1234 790 1283 impellant
823 1235 864 1270 ut
892 1248 976 1271 eam
997 1236 1206 1283 Magnesia
1231 1236 1397 1272 fulmine
1426 1247 1526 1271 saxa.
1569 1230 1605 1279 I,
1630 1233 1677 1270 4:

146 1312 215 1347 per
242 1304 281 1335 te
311 1297 493 1349 quoniam
525 1314 651 1349 genus
679 1315 795 1338 omne
825 1303 1074 1339 animantum
1103 1303 1348 1352 concipitur..
1381 1313 1421 1337 v.
1454 1300 1549 1339 lll.
1581 1300 1677 1338 265.

146 1364 241 1402 339.
279 1365 373 1403 345.
411 1366 506 1404 362.
544 1367 640 1405 569.
679 1368 774 1406 584.
818 1366 879 1416 H,
905 1367 1001 1407 378.
1043 1368 1135 1406 790.
1180 1366 1258 1415 IV,
1288 1367 1390 1406 495:
1427 1382 1552 1418 aequa
1583 1369 1680 1406 fides

145 1431 329 1484 quostiam
361 1435 523 1472 debebit
553 1450 707 1486 semper
735 1437 883 1474 haberi.
934 1449 973 1473 Υ.
1009 1435 1110 1474 933:
1145 1438 1260 1474 aeriis
1288 1434 1473 1486 quoniam
1503 1437 1680 1474 vicinum

144 1504 326 1551 tangitur
339 1504 455 1540 auris.
485 1515 525 1539 v.
546 1502 675 1541 l244:
701 1505 865 1541 crassius
888 1505 949 1542 his
972 1519 1086 1555 porro
1110 1502 1292 1555 quoniam
1315 1506 1538 1542 concretius
1552 1518 1679 1554 aequo

144 1571 333 1607 mittitur.
368 1567 422 1617 Υ,
440 1569 536 1608 573.
564 1569 656 1608 796.
686 1570 814 1609 1131ε
840 1573 991 1610 invidia
1010 1569 1212 1623 quonlam,
1237 1586 1307 1609 ceu
1322 1573 1502 1618 fulmine,
1525 1585 1681 1609 summa

144 1644 348 1688 vaporant.
403 1651 441 1674 Υ.
481 1637 605 1676 1363.
660 1636 740 1686 VI,
777 1638 878 1677 377:
921 1641 1088 1690 ancipiti
1121 1637 1303 1690 quoniam
1339 1640 1446 1677 bello
1479 1640 1677 1676 turbatur.

145 1717 183 1741 Υ.
211 1705 312 1742 625ῑ
347 1720 425 1743 una
446 1712 563 1744 nocte
585 1708 667 1744 vias
695 1704 880 1757 quostiam
903 1721 1089 1758 persaepe
1111 1708 1290 1744 videmus
1313 1708 1462 1744 siccari.
1505 1718 1545 1743 v.
1571 1705 1676 1743 932:

144 1778 336 1823 perpetuo
370 1771 552 1824 quoniam
589 1776 782 1812 sentimus
815 1780 854 1812 et
889 1777 1020 1812 omnia
1053 1788 1219 1825 semper.
1267 1772 1504 1824 Nunquam
1530 1775 1679 1810 tamen

143 1842 243 1890 post
277 1838 456 1878 verbum
489 1838 665 1891 ponitur
697 1840 897 1893 qnoniam.
947 1840 1102 1892 Itaque
1131 1839 1212 1888 IV,
1241 1841 1319 1880 752
1353 1844 1470 1879 recte
1505 1837 1680 1891 scripsit

145 1905 382 1945 Lambinus
417 1923 522 1946 nunc
554 1911 680 1959 igitur
713 1908 895 1960 quoniam
932 1908 1048 1946 docui
1084 1921 1157 1960 pro
1189 1907 1306 1946 (locu-i
1328 1906 1531 1960 quoniam,
1565 1905 1679 1945 utin

144 1973 230 2022 HI,
251 1975 328 2013 203
351 1978 471 2014 Nunc
492 1978 617 2026 igitur
639 1978 866 2027 quoniamst
887 1979 1008 2015 animi
1031 1981 1172 2014 natura
1193 1982 1362 2027 reperta.
1384 1999 1423 2002 —
1452 1973 1533 2022 IV,
1552 1975 1676 2013 1404:

145 2046 277 2081 omnia
293 2043 402 2095 quod
422 2058 524 2082 nova
545 2049 632 2082 tum
654 2046 779 2094 magis
794 2047 889 2082 haec
905 2050 944 2083 et
958 2047 1057 2082 mira
1069 2046 1272 2093 vigebant.
1303 2040 1383 2089 VI,
1402 2042 1503 2081 206:
1528 2044 1679 2081 semine

145 2110 249 2162 qaod
268 2113 393 2150 nubes
415 2114 518 2162 ipsas
541 2113 740 2162 permulta
761 2119 963 2150 necessust
984 2114 1088 2161 ignis
1110 2113 1266 2150 habere.
1309 2123 1348 2147 v.
1374 2110 1454 2148 325
1473 2124 1479 2146 :
1504 2111 1680 2148 nubibus

146 2180 228 2229 ipsa
257 2177 361 2229 qaod
386 2182 547 2218 omnino
578 2181 685 2230 prius
708 2181 831 2217 incita
853 2194 892 2218 se
915 2182 971 2217 vis
995 2181 1163 2229 colligit.
1206 2192 1246 2215 V.
1275 2177 1375 2216 742:
1403 2193 1421 2215 e
1446 2179 1610 2227 regione
1637 2191 1681 2215 ea

144 2244 248 2297 quod
275 2248 473 2284 loca-elom
496 2262 637 2286 venere
661 2249 853 2294 volantes,
882 2269 921 2273 —-
951 2249 1177 2284 remittunt.
1219 2259 1258 2283 v.
1285 2245 1386 2283 861:
1419 2252 1526 2283 terra
1554 2246 1681 2294 magis

145 2313 248 2364 qaod
280 2328 365 2352 rara
397 2320 509 2365 tepet
544 2318 627 2352 etc.
666 2328 703 2352 Υ.
733 2314 832 2353 ll9:
866 2315 998 2352 aridus
1031 2312 1133 2351 uncle
1160 2315 1263 2351 auris
1294 2317 1426 2362 terget
1456 2327 1577 2350 sonus
1598 2313 1679 2350 ille.

145 2379 200 2429 V,
229 2381 356 2420 1357:
389 2384 584 2432 agricolae
613 2380 735 2420 donec
764 2385 861 2420 vitio
890 2386 1044 2419 vertere
1074 2383 1209 2419 severi.
1254 2377 1331 2426 YI,
1363 2379 1463 2417 1:20:
1500 2381 1681 2417 exierunt

146 2448 267 2486 donec
281 2451 509 2499 regionibus
524 2452 631 2488 artis.
666 2463 702 2487 v.
724 2449 825 2487 160:
851 2451 991 2498 Fulgit
1016 2450 1126 2495 item,
1150 2449 1274 2486 nubes
1295 2449 1400 2497 ignis
1421 2458 1510 2483 ctam
1531 2448 1681 2484 semina

145 2519 273 2555 multa
295 2532 509 2556 excussere.
552 2530 591 2555 v.
620 2517 719 2555 :2792
747 2519 828 2568 ipse
851 2531 921 2554 sua
943 2528 1024 2552 eum
1049 2517 1275 2553 mobilitate
1298 2516 1470 2552 calescit.
1516 2526 1556 2550 V.
1577 2514 1676 2551 294:

146 2587 302 2623 ardenti
336 2587 488 2624 sonitus
511 2598 597 2622 emm
619 2586 801 2635 provolat
822 2586 918 2622 ictu.
960 2595 1001 2620 v.
1027 2582 1128 2621 314:
1161 2584 1335 2633 lapidem
1363 2585 1464 2620 ferro
1489 2593 1574 2618 cum
1596 2595 1679 2619 cae-

147 2655 288 2691 dimus.
318 2666 358 2689 V.
383 2653 482 2691 644:
510 2654 661 2690 fumida
683 2664 768 2688 cum
790 2653 887 2690 caeli
910 2652 1127 2689 scintillare
1149 2652 1281 2688 omnia
1300 2650 1454 2699 templa
1473 2653 1679 2687 cernentes

175 2744 192 2746 υ
224 2722 489 2771 complebant.
533 2733 572 2756 Υ.
599 2719 728 2757 lli-¹3:
765 2721 803 2756 in
838 2724 1019 2757 nostrum
1047 2730 1129 2754 eccm
1164 2718 1274 2754 venit
1308 2718 1479 2766 denique
1515 2718 1678 2754 caelum.

148 2801 189 2826 Υ.
215 2787 314 2826 161ῑ
353 2803 422 2826 ceu
457 2789 629 2839 lapidem
663 2785 697 2823 si
732 2788 929 2837 percutiat
962 2787 1074 2837 lapis.
1117 2797 1156 2821 Υ.
1184 2783 1282 2821 167:
1315 2784 1477 2821 caedere
1506 2780 1541 2819 <si
1563 2797 1680 2834 quem
