<?xml version="1.0" encoding="UTF-8"?>
<!DOCTYPE html PUBLIC "-//W3C//DTD XHTML 1.0 Transitional//EN"
    "http://www.w3.org/TR/xhtml1/DTD/xhtml1-transitional.dtd">
<html xmlns="http://www.w3.org/1999/xhtml" xml:lang="en" lang="en">
 <head>
  <title>
</title>
<meta http-equiv="Content-Type" content="text/html;charset=utf-8" />
  <meta name='ocr-system' content='tesseract 3.04.00' />
  <meta name='ocr-capabilities' content='ocr_page ocr_carea ocr_par ocr_line ocrx_word'/>
</head>
<body>
  <div class='ocr_page' id='page_1' title='image "./syntaxislucretia00holtuoft_0437.png"; bbox 0 0 1833 3048; ppageno 0'>
   <div class='ocr_carea' id='block_1_1' title="bbox 811 62 1096 99">
    <p class='ocr_par' dir='ltr' id='par_1_1' title="bbox 811 62 1096 99">
     <span class='ocr_line' id='line_1_1' title="bbox 811 62 1096 99; baseline 0 -11"><span class='ocrx_word' id='word_1_1' title='bbox 811 62 1096 99; x_wconf 73' lang='lat'>-89—</span> 
     </span>
    </p>
   </div>
   <div class='ocr_carea' id='block_1_2' title="bbox 179 173 1742 2065">
    <p class='ocr_par' dir='ltr' id='par_1_2' title="bbox 179 173 1731 500">
     <span class='ocr_line' id='line_1_2' title="bbox 181 173 1729 232; baseline 0 -14"><span class='ocrx_word' id='word_1_2' title='bbox 181 176 327 230; x_wconf 86' lang='lat' dir='ltr'>posita</span> <span class='ocrx_word' id='word_1_3' title='bbox 359 173 560 229; x_wconf 86' lang='lat' dir='ltr'>coniungi</span> <span class='ocrx_word' id='word_1_4' title='bbox 593 187 685 217; x_wconf 91' lang='lat' dir='ltr'>cum</span> <span class='ocrx_word' id='word_1_5' title='bbox 718 175 862 218; x_wconf 88' lang='lat' dir='ltr'>verbis</span> <span class='ocrx_word' id='word_1_6' title='bbox 894 178 982 221; x_wconf 79' lang='lat' dir='ltr'>alia</span> <span class='ocrx_word' id='word_1_7' title='bbox 1005 177 1177 231; x_wconf 79' lang='lat' dir='ltr'>florere.</span> <span class='ocrx_word' id='word_1_8' title='bbox 1231 178 1371 232; x_wconf 76' lang='lat' dir='ltr'>Quam</span> <span class='ocrx_word' id='word_1_9' title='bbox 1402 177 1455 220; x_wconf 91' lang='lat' dir='ltr'>ob</span> <span class='ocrx_word' id='word_1_10' title='bbox 1483 188 1573 219; x_wconf 91' lang='lat' dir='ltr'>rem</span> <span class='ocrx_word' id='word_1_11' title='bbox 1593 175 1729 220; x_wconf 87' lang='lat' dir='ltr'>verba</span> 
     </span>
     <span class='ocr_line' id='line_1_3' title="bbox 182 244 1729 302; baseline -0.001 -13"><span class='ocrx_word' id='word_1_12' title='bbox 182 259 293 299; x_wconf 92' lang='lat' dir='ltr'>quae</span> <span class='ocrx_word' id='word_1_13' title='bbox 334 244 613 288; x_wconf 86' lang='lat' dir='ltr'>intercedunt</span> <span class='ocrx_word' id='word_1_14' title='bbox 656 248 796 301; x_wconf 76' lang='lat' dir='ltr'>itaque</span> <span class='ocrx_word' id='word_1_15' title='bbox 829 281 837 289; x_wconf 89' lang='lat'><strong>.</strong></span> <span class='ocrx_word' id='word_1_16' title='bbox 864 281 871 289; x_wconf 93' lang='lat'><strong>.</strong></span> <span class='ocrx_word' id='word_1_17' title='bbox 898 281 906 289; x_wconf 93' lang='lat'>.</span> <span class='ocrx_word' id='word_1_18' title='bbox 939 262 1065 302; x_wconf 77' lang='lat' dir='ltr'>quam</span> <span class='ocrx_word' id='word_1_19' title='bbox 1106 248 1195 291; x_wconf 76' lang='lat' dir='ltr'>alia</span> <span class='ocrx_word' id='word_1_20' title='bbox 1224 259 1300 300; x_wconf 88' lang='lat' dir='ltr'>pro</span> <span class='ocrx_word' id='word_1_21' title='bbox 1333 246 1562 289; x_wconf 88' lang='lat' dir='ltr'>enuntiato</span> <span class='ocrx_word' id='word_1_22' title='bbox 1594 245 1729 289; x_wconf 91' lang='lat' dir='ltr'>inter-</span> 
     </span>
     <span class='ocr_line' id='line_1_4' title="bbox 184 315 1730 372; baseline 0.001 -14"><span class='ocrx_word' id='word_1_23' title='bbox 184 316 331 359; x_wconf 89' lang='lat' dir='ltr'>calato</span> <span class='ocrx_word' id='word_1_24' title='bbox 355 315 610 370; x_wconf 89' lang='lat' dir='ltr'>accipienda</span> <span class='ocrx_word' id='word_1_25' title='bbox 633 328 729 359; x_wconf 90' lang='lat' dir='ltr'>esse</span> <span class='ocrx_word' id='word_1_26' title='bbox 752 319 949 370; x_wconf 88' lang='lat' dir='ltr'>apparet.</span> <span class='ocrx_word' id='word_1_27' title='bbox 1003 316 1090 360; x_wconf 84' lang='lat' dir='ltr'>Sed</span> <span class='ocrx_word' id='word_1_28' title='bbox 1110 316 1197 359; x_wconf 91' lang='lat' dir='ltr'>iam</span> <span class='ocrx_word' id='word_1_29' title='bbox 1219 317 1425 372; x_wconf 86' lang='lat' dir='ltr'>graviora</span> <span class='ocrx_word' id='word_1_30' title='bbox 1447 317 1500 360; x_wconf 92' lang='lat' dir='ltr'>de</span> <span class='ocrx_word' id='word_1_31' title='bbox 1522 316 1730 360; x_wconf 72' lang='lat' dir='ltr'>extremis</span> 
     </span>
     <span class='ocr_line' id='line_1_5' title="bbox 179 386 1731 439; baseline 0 -10"><span class='ocrx_word' id='word_1_32' title='bbox 179 386 326 430; x_wconf 88' lang='lat' dir='ltr'>verbis</span> <span class='ocrx_word' id='word_1_33' title='bbox 369 399 546 439; x_wconf 90' lang='lat' dir='ltr'>quorum</span> <span class='ocrx_word' id='word_1_34' title='bbox 586 386 852 429; x_wconf 87' lang='lat' dir='ltr'>sententiam</span> <span class='ocrx_word' id='word_1_35' title='bbox 890 399 984 429; x_wconf 90' lang='lat' dir='ltr'>cum</span> <span class='ocrx_word' id='word_1_36' title='bbox 1025 386 1110 429; x_wconf 91' lang='lat' dir='ltr'>loci</span> <span class='ocrx_word' id='word_1_37' title='bbox 1139 387 1318 430; x_wconf 90' lang='lat' dir='ltr'>consilio</span> <span class='ocrx_word' id='word_1_38' title='bbox 1359 400 1442 430; x_wconf 93' lang='lat' dir='ltr'>non</span> <span class='ocrx_word' id='word_1_39' title='bbox 1486 386 1731 431; x_wconf 90' lang='lat' dir='ltr'>consentire</span> 
     </span>
     <span class='ocr_line' id='line_1_6' title="bbox 183 457 406 500; baseline 0 -1"><span class='ocrx_word' id='word_1_40' title='bbox 183 457 406 500; x_wconf 85' lang='lat' dir='ltr'>contendo.</span> 
     </span>
    </p>

    <p class='ocr_par' dir='ltr' id='par_1_3' title="bbox 180 526 1742 2065">
     <span class='ocr_line' id='line_1_7' title="bbox 298 526 1733 580; baseline 0.001 -11"><span class='ocrx_word' id='word_1_41' title='bbox 298 526 412 570; x_wconf 85' lang='lat' dir='ltr'>Nam</span> <span class='ocrx_word' id='word_1_42' title='bbox 452 527 497 569; x_wconf 91' lang='lat' dir='ltr'>in</span> <span class='ocrx_word' id='word_1_43' title='bbox 537 527 766 570; x_wconf 88' lang='lat' dir='ltr'>enuntiato</span> <span class='ocrx_word' id='word_1_44' title='bbox 808 527 1014 580; x_wconf 88' lang='lat' dir='ltr'>primario</span> <span class='ocrx_word' id='word_1_45' title='bbox 1058 527 1270 570; x_wconf 79' lang='lat' dir='ltr'>contineri</span> <span class='ocrx_word' id='word_1_46' title='bbox 1312 527 1475 580; x_wconf 89' lang='lat' dir='ltr'>aliquid</span> <span class='ocrx_word' id='word_1_47' title='bbox 1517 528 1629 580; x_wconf 90' lang='lat' dir='ltr'>quod</span> <span class='ocrx_word' id='word_1_48' title='bbox 1669 527 1733 571; x_wconf 90' lang='lat' dir='ltr'>rei</span> 
     </span>
     <span class='ocr_line' id='line_1_8' title="bbox 180 597 1732 652; baseline 0 -12"><span class='ocrx_word' id='word_1_49' title='bbox 180 597 374 640; x_wconf 80' lang='lat' dir='ltr'>rusticae</span> <span class='ocrx_word' id='word_1_50' title='bbox 417 597 556 640; x_wconf 90' lang='lat' dir='ltr'>minus</span> <span class='ocrx_word' id='word_1_51' title='bbox 599 597 754 650; x_wconf 88' lang='lat' dir='ltr'>peritis</span> <span class='ocrx_word' id='word_1_52' title='bbox 791 597 942 641; x_wconf 89' lang='lat' dir='ltr'>mirum</span> <span class='ocrx_word' id='word_1_53' title='bbox 976 597 1115 641; x_wconf 87' lang='lat' dir='ltr'>videri</span> <span class='ocrx_word' id='word_1_54' title='bbox 1156 598 1296 651; x_wconf 83' lang='lat' dir='ltr'>possit</span> <span class='ocrx_word' id='word_1_55' title='bbox 1337 598 1608 652; x_wconf 88' lang='lat' dir='ltr'>perspicuum</span> <span class='ocrx_word' id='word_1_56' title='bbox 1651 601 1732 640; x_wconf 90' lang='lat' dir='ltr'>est.</span> 
     </span>
     <span class='ocr_line' id='line_1_9' title="bbox 181 668 1733 722; baseline -0.001 -10"><span class='ocrx_word' id='word_1_57' title='bbox 181 668 394 721; x_wconf 86' lang='lat' dir='ltr'>Sequitur</span> <span class='ocrx_word' id='word_1_58' title='bbox 435 671 484 710; x_wconf 90' lang='lat' dir='ltr'>ut</span> <span class='ocrx_word' id='word_1_59' title='bbox 525 668 670 711; x_wconf 89' lang='lat' dir='ltr'>verbis</span> <span class='ocrx_word' id='word_1_60' title='bbox 713 685 807 713; x_wconf 85' lang='lat' dir='ltr'>eum</span> <span class='ocrx_word' id='word_1_61' title='bbox 850 703 890 712; x_wconf 92' lang='lat'>..</span> <span class='ocrx_word' id='word_1_62' title='bbox 931 669 1184 714; x_wconf 68' lang='lat' dir='ltr'>inserantur</span> <span class='ocrx_word' id='word_1_63' title='bbox 1224 672 1339 721; x_wconf 89' lang='lat' dir='ltr'>(nam</span> <span class='ocrx_word' id='word_1_64' title='bbox 1380 668 1446 712; x_wconf 88' lang='lat' dir='ltr'>vis</span> <span class='ocrx_word' id='word_1_65' title='bbox 1488 668 1733 722; x_wconf 86' lang='lat' dir='ltr'>particulae</span> 
     </span>
     <span class='ocr_line' id='line_1_10' title="bbox 182 738 1731 794; baseline -0.001 -11"><span class='ocrx_word' id='word_1_66' title='bbox 182 755 276 783; x_wconf 83' lang='lat' dir='ltr'>eum</span> <span class='ocrx_word' id='word_1_67' title='bbox 302 739 432 782; x_wconf 88' lang='lat' dir='ltr'>debet</span> <span class='ocrx_word' id='word_1_68' title='bbox 449 751 545 782; x_wconf 89' lang='lat' dir='ltr'>esse</span> <span class='ocrx_word' id='word_1_69' title='bbox 564 739 866 794; x_wconf 83' lang='lat' dir='ltr'>adversativa)</span> <span class='ocrx_word' id='word_1_70' title='bbox 884 751 953 782; x_wconf 89' lang='lat' dir='ltr'>res</span> <span class='ocrx_word' id='word_1_71' title='bbox 976 738 1245 792; x_wconf 85' lang='lat' dir='ltr'>exprimatur</span> <span class='ocrx_word' id='word_1_72' title='bbox 1262 739 1456 781; x_wconf 91' lang='lat' dir='ltr'>omnibus</span> <span class='ocrx_word' id='word_1_73' title='bbox 1474 739 1731 791; x_wconf 87' lang='lat' dir='ltr'>hominibus,</span> 
     </span>
     <span class='ocr_line' id='line_1_11' title="bbox 186 808 1733 862; baseline 0.001 -11"><span class='ocrx_word' id='word_1_74' title='bbox 186 822 269 851; x_wconf 90' lang='lat' dir='ltr'>non</span> <span class='ocrx_word' id='word_1_75' title='bbox 316 809 452 851; x_wconf 91' lang='lat' dir='ltr'>solum</span> <span class='ocrx_word' id='word_1_76' title='bbox 485 809 703 862; x_wconf 83' lang='lat' dir='ltr'>agricolis,</span> <span class='ocrx_word' id='word_1_77' title='bbox 746 809 988 852; x_wconf 89' lang='lat' dir='ltr'>notissima.</span> <span class='ocrx_word' id='word_1_78' title='bbox 1052 808 1280 862; x_wconf 85' lang='lat' dir='ltr'>Superiore</span> <span class='ocrx_word' id='word_1_79' title='bbox 1324 812 1470 852; x_wconf 91' lang='lat' dir='ltr'>autem</span> <span class='ocrx_word' id='word_1_80' title='bbox 1504 809 1733 852; x_wconf 90' lang='lat' dir='ltr'>enuntiato</span> 
     </span>
     <span class='ocr_line' id='line_1_12' title="bbox 190 879 1735 934; baseline 0 -13"><span class='ocrx_word' id='word_1_81' title='bbox 190 879 355 934; x_wconf 84' lang='lat' dir='ltr'>legitur</span> <span class='ocrx_word' id='word_1_82' title='bbox 396 879 499 922; x_wconf 85' lang='lat' dir='ltr'>ficos</span> <span class='ocrx_word' id='word_1_83' title='bbox 542 879 676 922; x_wconf 86' lang='lat' dir='ltr'>inseri</span> <span class='ocrx_word' id='word_1_84' title='bbox 719 879 892 922; x_wconf 88' lang='lat' dir='ltr'>circiter</span> <span class='ocrx_word' id='word_1_85' title='bbox 934 879 1168 921; x_wconf 83' lang='lat' dir='ltr'>solstitium</span> <span class='ocrx_word' id='word_1_86' title='bbox 1213 879 1253 932; x_wconf 90' lang='lat' dir='ltr'>(i.</span> <span class='ocrx_word' id='word_1_87' title='bbox 1297 892 1330 922; x_wconf 93' lang='lat' dir='ltr'>e.</span> <span class='ocrx_word' id='word_1_88' title='bbox 1372 879 1515 922; x_wconf 87' lang='lat' dir='ltr'>media</span> <span class='ocrx_word' id='word_1_89' title='bbox 1558 882 1735 922; x_wconf 85' lang='lat' dir='ltr'>aestate</span> 
     </span>
     <span class='ocr_line' id='line_1_13' title="bbox 189 949 1734 1003; baseline 0 -11"><span class='ocrx_word' id='word_1_90' title='bbox 189 950 422 992; x_wconf 88' lang='lat' dir='ltr'>secundum</span> <span class='ocrx_word' id='word_1_91' title='bbox 456 949 667 994; x_wconf 82' lang='lat' dir='ltr'>Varronis</span> <span class='ocrx_word' id='word_1_92' title='bbox 710 950 923 992; x_wconf 87' lang='lat' dir='ltr'>rationem</span> <span class='ocrx_word' id='word_1_93' title='bbox 966 952 1205 1003; x_wconf 89' lang='lat' dir='ltr'>temporum</span> <span class='ocrx_word' id='word_1_94' title='bbox 1247 950 1271 991; x_wconf 90' lang='lat' dir='ltr'>I</span> <span class='ocrx_word' id='word_1_95' title='bbox 1315 954 1367 990; x_wconf 78' lang='lat'>28</span> <span class='ocrx_word' id='word_1_96' title='bbox 1410 949 1623 992; x_wconf 84' lang='lat' dir='ltr'>uberrime</span> <span class='ocrx_word' id='word_1_97' title='bbox 1665 962 1734 993; x_wconf 86' lang='lat' dir='ltr'>ex-</span> 
     </span>
     <span class='ocr_line' id='line_1_14' title="bbox 185 1019 1735 1074; baseline 0.001 -12"><span class='ocrx_word' id='word_1_98' title='bbox 185 1019 405 1074; x_wconf 78' lang='lat' dir='ltr'>positam),</span> <span class='ocrx_word' id='word_1_99' title='bbox 441 1032 614 1062; x_wconf 87' lang='lat' dir='ltr'>cerasos</span> <span class='ocrx_word' id='word_1_100' title='bbox 635 1020 868 1063; x_wconf 88' lang='lat' dir='ltr'>Decembri</span> <span class='ocrx_word' id='word_1_101' title='bbox 890 1032 1047 1062; x_wconf 89' lang='lat' dir='ltr'>mense.</span> <span class='ocrx_word' id='word_1_102' title='bbox 1080 1019 1378 1062; x_wconf 88' lang='lat' dir='ltr'>Paucissimas</span> <span class='ocrx_word' id='word_1_103' title='bbox 1399 1020 1535 1074; x_wconf 86' lang='lat' dir='ltr'>igitur</span> <span class='ocrx_word' id='word_1_104' title='bbox 1557 1022 1735 1064; x_wconf 87' lang='lat' dir='ltr'>arbores</span> 
     </span>
     <span class='ocr_line' id='line_1_15' title="bbox 186 1090 1736 1146; baseline 0 -13"><span class='ocrx_word' id='word_1_105' title='bbox 186 1091 325 1134; x_wconf 89' lang='lat' dir='ltr'>hieme</span> <span class='ocrx_word' id='word_1_106' title='bbox 367 1093 413 1133; x_wconf 90' lang='lat' dir='ltr'>et</span> <span class='ocrx_word' id='word_1_107' title='bbox 456 1093 630 1133; x_wconf 87' lang='lat' dir='ltr'>aestate</span> <span class='ocrx_word' id='word_1_108' title='bbox 673 1091 807 1134; x_wconf 85' lang='lat' dir='ltr'>inseri</span> <span class='ocrx_word' id='word_1_109' title='bbox 850 1090 1044 1144; x_wconf 82' lang='lat' dir='ltr'>exponit,</span> <span class='ocrx_word' id='word_1_110' title='bbox 1088 1090 1279 1143; x_wconf 89' lang='lat' dir='ltr'>ipsisque</span> <span class='ocrx_word' id='word_1_111' title='bbox 1320 1090 1562 1134; x_wconf 88' lang='lat' dir='ltr'>nominibus</span> <span class='ocrx_word' id='word_1_112' title='bbox 1603 1090 1736 1146; x_wconf 86' lang='lat' dir='ltr'>signi-</span> 
     </span>
     <span class='ocr_line' id='line_1_16' title="bbox 187 1160 1737 1216; baseline 0 -12"><span class='ocrx_word' id='word_1_113' title='bbox 187 1161 307 1204; x_wconf 91' lang='lat' dir='ltr'>ficat.</span> <span class='ocrx_word' id='word_1_114' title='bbox 382 1162 669 1216; x_wconf 77' lang='lat' dir='ltr'>Quamobrem</span> <span class='ocrx_word' id='word_1_115' title='bbox 710 1161 754 1204; x_wconf 92' lang='lat' dir='ltr'>in</span> <span class='ocrx_word' id='word_1_116' title='bbox 812 1160 1041 1204; x_wconf 86' lang='lat' dir='ltr'>enuntiato</span> <span class='ocrx_word' id='word_1_117' title='bbox 1095 1160 1298 1204; x_wconf 87' lang='lat' dir='ltr'>inferiore</span> <span class='ocrx_word' id='word_1_118' title='bbox 1347 1173 1495 1204; x_wconf 86' lang='lat' dir='ltr'>earum</span> <span class='ocrx_word' id='word_1_119' title='bbox 1536 1162 1737 1204; x_wconf 88' lang='lat' dir='ltr'>arborum</span> 
     </span>
     <span class='ocr_line' id='line_1_17' title="bbox 186 1231 1736 1285; baseline 0 -11"><span class='ocrx_word' id='word_1_120' title='bbox 186 1232 446 1275; x_wconf 89' lang='lat' dir='ltr'>mentionem</span> <span class='ocrx_word' id='word_1_121' title='bbox 489 1231 634 1274; x_wconf 86' lang='lat' dir='ltr'>facere</span> <span class='ocrx_word' id='word_1_122' title='bbox 678 1231 840 1285; x_wconf 89' lang='lat' dir='ltr'>debuit,</span> <span class='ocrx_word' id='word_1_123' title='bbox 885 1244 995 1285; x_wconf 90' lang='lat' dir='ltr'>quae</span> <span class='ocrx_word' id='word_1_124' title='bbox 1038 1244 1141 1275; x_wconf 85' lang='lat' dir='ltr'>vere</span> <span class='ocrx_word' id='word_1_125' title='bbox 1185 1234 1231 1274; x_wconf 91' lang='lat' dir='ltr'>et</span> <span class='ocrx_word' id='word_1_126' title='bbox 1273 1244 1383 1284; x_wconf 90' lang='lat' dir='ltr'>quae</span> <span class='ocrx_word' id='word_1_127' title='bbox 1426 1234 1632 1275; x_wconf 91' lang='lat' dir='ltr'>autumno</span> <span class='ocrx_word' id='word_1_128' title='bbox 1673 1231 1736 1274; x_wconf 92' lang='grc'>111-</span> 
     </span>
     <span class='ocr_line' id='line_1_18' title="bbox 186 1302 1737 1357; baseline 0 -12"><span class='ocrx_word' id='word_1_129' title='bbox 186 1305 403 1356; x_wconf 84' lang='lat' dir='ltr'>seruntur,</span> <span class='ocrx_word' id='word_1_130' title='bbox 437 1302 503 1345; x_wconf 91' lang='lat' dir='ltr'>ita</span> <span class='ocrx_word' id='word_1_131' title='bbox 535 1302 628 1345; x_wconf 89' lang='lat' dir='ltr'>scil.</span> <span class='ocrx_word' id='word_1_132' title='bbox 654 1305 702 1345; x_wconf 92' lang='lat' dir='ltr'>ut</span> <span class='ocrx_word' id='word_1_133' title='bbox 734 1303 861 1357; x_wconf 87' lang='lat' dir='ltr'>longe</span> <span class='ocrx_word' id='word_1_134' title='bbox 893 1302 1101 1356; x_wconf 89' lang='lat' dir='ltr'>plurimas</span> <span class='ocrx_word' id='word_1_135' title='bbox 1135 1303 1312 1346; x_wconf 89' lang='lat' dir='ltr'>arbores</span> <span class='ocrx_word' id='word_1_136' title='bbox 1345 1302 1509 1345; x_wconf 89' lang='lat' dir='ltr'>duobus</span> <span class='ocrx_word' id='word_1_137' title='bbox 1542 1303 1609 1345; x_wconf 90' lang='lat' dir='ltr'>his</span> <span class='ocrx_word' id='word_1_138' title='bbox 1634 1302 1737 1345; x_wconf 84' lang='lat' dir='ltr'>anni</span> 
     </span>
     <span class='ocr_line' id='line_1_19' title="bbox 192 1373 1737 1428; baseline 0 -12"><span class='ocrx_word' id='word_1_139' title='bbox 192 1373 459 1427; x_wconf 89' lang='lat' dir='ltr'>temporibus</span> <span class='ocrx_word' id='word_1_140' title='bbox 491 1373 626 1416; x_wconf 90' lang='lat' dir='ltr'>inseri</span> <span class='ocrx_word' id='word_1_141' title='bbox 648 1374 921 1428; x_wconf 81' lang='lat' dir='ltr'>exprimeret.</span> <span class='ocrx_word' id='word_1_142' title='bbox 975 1373 1101 1416; x_wconf 92' lang='lat' dir='ltr'>Haec</span> <span class='ocrx_word' id='word_1_143' title='bbox 1134 1386 1235 1416; x_wconf 86' lang='lat' dir='ltr'>vero</span> <span class='ocrx_word' id='word_1_144' title='bbox 1268 1373 1492 1416; x_wconf 87' lang='lat' dir='ltr'>sententia</span> <span class='ocrx_word' id='word_1_145' title='bbox 1523 1386 1608 1416; x_wconf 92' lang='grc'>11011</span> <span class='ocrx_word' id='word_1_146' title='bbox 1640 1385 1737 1416; x_wconf 89' lang='lat' dir='ltr'>con-</span> 
     </span>
     <span class='ocr_line' id='line_1_20' title="bbox 186 1443 1737 1497; baseline 0 -11"><span class='ocrx_word' id='word_1_147' title='bbox 186 1444 354 1487; x_wconf 83' lang='lat' dir='ltr'>tinetur</span> <span class='ocrx_word' id='word_1_148' title='bbox 386 1444 432 1487; x_wconf 89' lang='lat' dir='ltr'>in</span> <span class='ocrx_word' id='word_1_149' title='bbox 454 1444 601 1488; x_wconf 89' lang='lat' dir='ltr'>verbis</span> <span class='ocrx_word' id='word_1_150' title='bbox 630 1444 810 1487; x_wconf 89' lang='lat' dir='ltr'>traditis</span> <span class='ocrx_word' id='word_1_151' title='bbox 841 1444 886 1487; x_wconf 87' lang='lat' dir='ltr'>in</span> <span class='ocrx_word' id='word_1_152' title='bbox 918 1443 1071 1497; x_wconf 89' lang='lat' dir='ltr'>quibus</span> <span class='ocrx_word' id='word_1_153' title='bbox 1094 1456 1230 1487; x_wconf 89' lang='lat' dir='ltr'>verna</span> <span class='ocrx_word' id='word_1_154' title='bbox 1261 1443 1411 1486; x_wconf 87' lang='lat' dir='ltr'>insitio</span> <span class='ocrx_word' id='word_1_155' title='bbox 1444 1457 1539 1487; x_wconf 90' lang='lat' dir='ltr'>cum</span> <span class='ocrx_word' id='word_1_156' title='bbox 1572 1447 1737 1487; x_wconf 88' lang='lat' dir='ltr'>autum-</span> 
     </span>
     <span class='ocr_line' id='line_1_21' title="bbox 187 1513 1739 1570; baseline -0.001 -13"><span class='ocrx_word' id='word_1_157' title='bbox 187 1516 278 1557; x_wconf 87' lang='lat' dir='ltr'>nali</span> <span class='ocrx_word' id='word_1_158' title='bbox 313 1514 548 1566; x_wconf 83' lang='lat' dir='ltr'>confertur,</span> <span class='ocrx_word' id='word_1_159' title='bbox 591 1528 676 1557; x_wconf 90' lang='lat' dir='ltr'>non</span> <span class='ocrx_word' id='word_1_160' title='bbox 708 1514 770 1570; x_wconf 84' lang='lat' dir='ltr'>(id</span> <span class='ocrx_word' id='word_1_161' title='bbox 803 1515 915 1568; x_wconf 87' lang='lat' dir='ltr'>quod</span> <span class='ocrx_word' id='word_1_162' title='bbox 947 1514 1170 1558; x_wconf 87' lang='lat' dir='ltr'>sententia</span> <span class='ocrx_word' id='word_1_163' title='bbox 1202 1515 1476 1568; x_wconf 88' lang='lat' dir='ltr'>postulabat)</span> <span class='ocrx_word' id='word_1_164' title='bbox 1511 1515 1595 1557; x_wconf 91' lang='lat' dir='ltr'>hae</span> <span class='ocrx_word' id='word_1_165' title='bbox 1627 1513 1739 1557; x_wconf 87' lang='lat' dir='ltr'>duae</span> 
     </span>
     <span class='ocr_line' id='line_1_22' title="bbox 188 1584 1740 1639; baseline 0 -12"><span class='ocrx_word' id='word_1_166' title='bbox 188 1585 416 1628; x_wconf 85' lang='lat' dir='ltr'>insitiones</span> <span class='ocrx_word' id='word_1_167' title='bbox 461 1598 555 1629; x_wconf 87' lang='lat' dir='ltr'>cum</span> <span class='ocrx_word' id='word_1_168' title='bbox 598 1585 752 1629; x_wconf 88' lang='lat' dir='ltr'>alteris</span> <span class='ocrx_word' id='word_1_169' title='bbox 795 1586 985 1638; x_wconf 88' lang='lat' dir='ltr'>duabus,</span> <span class='ocrx_word' id='word_1_170' title='bbox 1040 1585 1214 1628; x_wconf 86' lang='lat' dir='ltr'>aestiva</span> <span class='ocrx_word' id='word_1_171' title='bbox 1256 1589 1301 1627; x_wconf 91' lang='lat' dir='ltr'>et</span> <span class='ocrx_word' id='word_1_172' title='bbox 1342 1584 1531 1627; x_wconf 88' lang='lat' dir='ltr'>hiemali.</span> <span class='ocrx_word' id='word_1_173' title='bbox 1615 1584 1740 1639; x_wconf 77' lang='lat' dir='ltr'>Quod</span> 
     </span>
     <span class='ocr_line' id='line_1_23' title="bbox 187 1654 1740 1709; baseline -0.001 -11"><span class='ocrx_word' id='word_1_174' title='bbox 187 1659 236 1698; x_wconf 93' lang='lat' dir='ltr'>ut</span> <span class='ocrx_word' id='word_1_175' title='bbox 268 1657 359 1709; x_wconf 88' lang='lat' dir='ltr'>fiat,</span> <span class='ocrx_word' id='word_1_176' title='bbox 395 1659 444 1699; x_wconf 90' lang='lat' dir='ltr'>tu</span> <span class='ocrx_word' id='word_1_177' title='bbox 477 1669 642 1699; x_wconf 90' lang='lat' dir='ltr'>mecum</span> <span class='ocrx_word' id='word_1_178' title='bbox 665 1656 854 1699; x_wconf 84' lang='lat' dir='ltr'>restitue</span> <span class='ocrx_word' id='word_1_179' title='bbox 887 1656 998 1709; x_wconf 91' lang='lat' dir='ltr'>quod</span> <span class='ocrx_word' id='word_1_180' title='bbox 1021 1656 1155 1698; x_wconf 89' lang='lat' dir='ltr'>etiam</span> <span class='ocrx_word' id='word_1_181' title='bbox 1177 1667 1302 1708; x_wconf 89' lang='lat' dir='ltr'>nunc,</span> <span class='ocrx_word' id='word_1_182' title='bbox 1337 1658 1568 1708; x_wconf 88' lang='lat' dir='ltr'>postquam</span> <span class='ocrx_word' id='word_1_183' title='bbox 1601 1654 1740 1697; x_wconf 84' lang='lat' dir='ltr'>Keilii</span> 
     </span>
     <span class='ocr_line' id='line_1_24' title="bbox 188 1725 1738 1783; baseline -0.001 -14"><span class='ocrx_word' id='word_1_184' title='bbox 188 1727 542 1770; x_wconf 87' lang='lat' dir='ltr'>commentarium</span> <span class='ocrx_word' id='word_1_185' title='bbox 583 1728 685 1783; x_wconf 85' lang='lat' dir='ltr'>legi,</span> <span class='ocrx_word' id='word_1_186' title='bbox 731 1728 974 1772; x_wconf 89' lang='lat' dir='ltr'>Varronem</span> <span class='ocrx_word' id='word_1_187' title='bbox 1016 1726 1243 1780; x_wconf 88' lang='lat' dir='ltr'>scripsisse</span> <span class='ocrx_word' id='word_1_188' title='bbox 1284 1738 1538 1779; x_wconf 86' lang='lat' dir='ltr'>persuasum</span> <span class='ocrx_word' id='word_1_189' title='bbox 1580 1725 1738 1768; x_wconf 88' lang='lat' dir='ltr'>habeo:</span> 
     </span>
     <span class='ocr_line' id='line_1_25' title="bbox 189 1795 1741 1855; baseline -0.002 -14"><span class='ocrx_word' id='word_1_190' title='bbox 189 1814 283 1842; x_wconf 86' lang='lat' dir='ltr'>eum</span> <span class='ocrx_word' id='word_1_191' title='bbox 313 1800 512 1855; x_wconf 74' lang='lat' dir='ltr'>pleraque</span> <span class='ocrx_word' id='word_1_192' title='bbox 543 1815 648 1854; x_wconf 70' lang='lat' dir='ltr'>vere,</span> <span class='ocrx_word' id='word_1_193' title='bbox 682 1801 924 1855; x_wconf 76' lang='lat' dir='ltr'>quaedam</span> <span class='ocrx_word' id='word_1_194' title='bbox 954 1804 1161 1842; x_wconf 63' lang='lat' dir='ltr'>autumno</span> <span class='ocrx_word' id='word_1_195' title='bbox 1184 1799 1447 1842; x_wconf 71' lang='lat' dir='ltr'>inserantur.</span> <span class='ocrx_word' id='word_1_196' title='bbox 1499 1797 1572 1839; x_wconf 87' lang='lat' dir='ltr'>De</span> <span class='ocrx_word' id='word_1_197' title='bbox 1602 1795 1741 1838; x_wconf 87' lang='lat' dir='ltr'>forma</span> 
     </span>
     <span class='ocr_line' id='line_1_26' title="bbox 188 1868 1735 1925; baseline 0 -14"><span class='ocrx_word' id='word_1_198' title='bbox 188 1868 408 1911; x_wconf 90' lang='lat' dir='ltr'>enuntiati</span> <span class='ocrx_word' id='word_1_199' title='bbox 430 1868 503 1911; x_wconf 87' lang='lat' dir='ltr'>cfr.</span> <span class='ocrx_word' id='word_1_200' title='bbox 525 1869 576 1911; x_wconf 89' lang='lat' dir='ltr'>II</span> <span class='ocrx_word' id='word_1_201' title='bbox 600 1873 695 1919; x_wconf 80' lang='lat'>5,13</span> <span class='ocrx_word' id='word_1_202' title='bbox 723 1871 946 1925; x_wconf 73' lang='lat' dir='ltr'>pleraeque</span> <span class='ocrx_word' id='word_1_203' title='bbox 970 1871 1155 1924; x_wconf 72' lang='lat' dir='ltr'>pariunt</span> <span class='ocrx_word' id='word_1_204' title='bbox 1185 1870 1235 1912; x_wconf 73' lang='lat' dir='ltr'>iu</span> <span class='ocrx_word' id='word_1_205' title='bbox 1266 1869 1400 1911; x_wconf 81' lang='lat' dir='ltr'>decem</span> <span class='ocrx_word' id='word_1_206' title='bbox 1429 1882 1578 1916; x_wconf 73' lang='lat' dir='ltr'>annos,</span> <span class='ocrx_word' id='word_1_207' title='bbox 1613 1882 1735 1922; x_wconf 78' lang='lat' dir='ltr'>quae-</span> 
     </span>
     <span class='ocr_line' id='line_1_27' title="bbox 187 1937 1742 1996; baseline -0.003 -13"><span class='ocrx_word' id='word_1_208' title='bbox 187 1941 284 1984; x_wconf 79' lang='lat' dir='ltr'>dam</span> <span class='ocrx_word' id='word_1_209' title='bbox 317 1942 441 1984; x_wconf 72' lang='lat' dir='ltr'>etiam</span> <span class='ocrx_word' id='word_1_210' title='bbox 470 1941 625 1996; x_wconf 71' lang='lat' dir='ltr'>plures.</span> <span class='ocrx_word' id='word_1_211' title='bbox 689 1938 906 1992; x_wconf 83' lang='lat' dir='ltr'>Oorrupta</span> <span class='ocrx_word' id='word_1_212' title='bbox 938 1942 1007 1981; x_wconf 89' lang='lat' dir='ltr'>est</span> <span class='ocrx_word' id='word_1_213' title='bbox 1038 1938 1295 1981; x_wconf 88' lang='lat' dir='ltr'>vocabulum</span> <span class='ocrx_word' id='word_1_214' title='bbox 1329 1939 1575 1993; x_wconf 75' lang='lat' dir='ltr'>quaedam</span> <span class='ocrx_word' id='word_1_215' title='bbox 1606 1937 1742 1979; x_wconf 90' lang='lat' dir='ltr'>etiam</span> 
     </span>
     <span class='ocr_line' id='line_1_28' title="bbox 189 2007 1528 2065; baseline -0.003 -13"><span class='ocrx_word' id='word_1_216' title='bbox 189 2010 264 2052; x_wconf 91' lang='lat' dir='ltr'>III</span> <span class='ocrx_word' id='word_1_217' title='bbox 298 2014 394 2063; x_wconf 85' lang='lat'>2,13</span> <span class='ocrx_word' id='word_1_218' title='bbox 428 2010 501 2052; x_wconf 91' lang='lat' dir='ltr'>ubi</span> <span class='ocrx_word' id='word_1_219' title='bbox 533 2023 559 2052; x_wconf 93' lang='lat' dir='ltr'>a</span> <span class='ocrx_word' id='word_1_220' title='bbox 590 2008 739 2053; x_wconf 86' lang='lat' dir='ltr'>Keilio</span> <span class='ocrx_word' id='word_1_221' title='bbox 773 2022 826 2052; x_wconf 82' lang='lat' dir='ltr'>ex</span> <span class='ocrx_word' id='word_1_222' title='bbox 856 2021 962 2053; x_wconf 83' lang='lat' dir='ltr'>voce</span> <span class='ocrx_word' id='word_1_223' title='bbox 995 2011 1126 2065; x_wconf 76' lang='lat' dir='ltr'>quod</span> <span class='ocrx_word' id='word_1_224' title='bbox 1156 2007 1414 2050; x_wconf 90' lang='lat' dir='ltr'>restitutum</span> <span class='ocrx_word' id='word_1_225' title='bbox 1446 2010 1528 2050; x_wconf 90' lang='lat' dir='ltr'>est.</span> 
     </span>
    </p>
   </div>
   <div class='ocr_carea' id='block_1_3' title="bbox 882 2138 1052 2191">
    <p class='ocr_par' dir='ltr' id='par_1_4' title="bbox 882 2138 1052 2191">
     <span class='ocr_line' id='line_1_29' title="bbox 882 2138 1052 2191; baseline -0.024 -11"><span class='ocrx_word' id='word_1_226' title='bbox 882 2138 908 2180; x_wconf 91' lang='grc' dir='ltr'>Ι</span> <span class='ocrx_word' id='word_1_227' title='bbox 940 2141 1052 2191; x_wconf 86' lang='lat'>40,6.</span> 
     </span>
    </p>
   </div>
   <div class='ocr_carea' id='block_1_4' title="bbox 189 2220 1774 2910">
    <p class='ocr_par' dir='ltr' id='par_1_5' title="bbox 189 2220 1745 2420">
     <span class='ocr_line' id='line_1_30' title="bbox 308 2220 1742 2276; baseline -0.001 -11"><span class='ocrx_word' id='word_1_228' title='bbox 308 2223 368 2266; x_wconf 73' lang='lat' dir='ltr'>In</span> <span class='ocrx_word' id='word_1_229' title='bbox 402 2235 703 2276; x_wconf 77' lang='lat' dir='ltr'>quamcumque</span> <span class='ocrx_word' id='word_1_230' title='bbox 740 2222 928 2266; x_wconf 77' lang='lat' dir='ltr'>arborem</span> <span class='ocrx_word' id='word_1_231' title='bbox 958 2222 1137 2274; x_wconf 74' lang='lat' dir='ltr'>inseras,</span> <span class='ocrx_word' id='word_1_232' title='bbox 1169 2221 1208 2264; x_wconf 72' lang='lat' dir='ltr'>si</span> <span class='ocrx_word' id='word_1_233' title='bbox 1248 2220 1432 2264; x_wconf 79' lang='lat' dir='ltr'>eiusdem</span> <span class='ocrx_word' id='word_1_234' title='bbox 1467 2220 1638 2276; x_wconf 73' lang='lat' dir='ltr'>yenem’s</span> <span class='ocrx_word' id='word_1_235' title='bbox 1671 2224 1742 2274; x_wconf 71' lang='lat' dir='ltr'>est,</span> 
     </span>
     <span class='ocr_line' id='line_1_31' title="bbox 190 2292 1745 2347; baseline -0.002 -10"><span class='ocrx_word' id='word_1_236' title='bbox 190 2295 414 2337; x_wconf 71' lang='lat' dir='ltr'>dumtaxat</span> <span class='ocrx_word' id='word_1_237' title='bbox 444 2298 492 2336; x_wconf 69' lang='lat' dir='ltr'>ut</span> <span class='ocrx_word' id='word_1_238' title='bbox 523 2294 578 2336; x_wconf 72' lang='lat' dir='ltr'>sa</span> <span class='ocrx_word' id='word_1_239' title='bbox 609 2297 788 2347; x_wconf 74' lang='lat' dir='ltr'>utraque</span> <span class='ocrx_word' id='word_1_240' title='bbox 819 2292 972 2346; x_wconf 77' lang='lat' dir='ltr'>malas,</span> <span class='ocrx_word' id='word_1_241' title='bbox 1005 2293 1067 2335; x_wconf 71' lang='lat' dir='ltr'>ita</span> <span class='ocrx_word' id='word_1_242' title='bbox 1097 2292 1284 2335; x_wconf 71' lang='lat' dir='ltr'>inserere</span> <span class='ocrx_word' id='word_1_243' title='bbox 1313 2295 1466 2346; x_wconf 70' lang='lat' dir='ltr'>oportet</span> <span class='ocrx_word' id='word_1_244' title='bbox 1496 2292 1745 2346; x_wconf 71' lang='lat' dir='ltr'>referentem</span> 
     </span>
     <span class='ocr_line' id='line_1_32' title="bbox 189 2365 580 2420; baseline -0.01 -12"><span class='ocrx_word' id='word_1_245' title='bbox 189 2366 244 2408; x_wconf 77' lang='lat' dir='ltr'>ad</span> <span class='ocrx_word' id='word_1_246' title='bbox 275 2366 465 2420; x_wconf 73' lang='lat' dir='ltr'>fructum</span> <span class='ocrx_word' id='word_1_247' title='bbox 497 2365 580 2405; x_wconf 91' lang='lat' dir='ltr'>etc.</span> 
     </span>
    </p>

    <p class='ocr_par' dir='ltr' id='par_1_6' title="bbox 191 2429 1774 2910">
     <span class='ocr_line' id='line_1_33' title="bbox 309 2429 1742 2486; baseline -0.002 -11"><span class='ocrx_word' id='word_1_248' title='bbox 309 2433 616 2486; x_wconf 85' lang='lat' dir='ltr'>Explicatione</span> <span class='ocrx_word' id='word_1_249' title='bbox 670 2434 771 2486; x_wconf 89' lang='lat' dir='ltr'>eget</span> <span class='ocrx_word' id='word_1_250' title='bbox 821 2430 1040 2484; x_wconf 88' lang='lat' dir='ltr'>particula</span> <span class='ocrx_word' id='word_1_251' title='bbox 1091 2433 1378 2481; x_wconf 74' lang='lat' dir='ltr'>dumtaxat,</span> <span class='ocrx_word' id='word_1_252' title='bbox 1431 2430 1484 2473; x_wconf 91' lang='lat' dir='ltr'>de</span> <span class='ocrx_word' id='word_1_253' title='bbox 1536 2442 1620 2483; x_wconf 88' lang='lat' dir='ltr'>qua</span> <span class='ocrx_word' id='word_1_254' title='bbox 1666 2429 1742 2473; x_wconf 87' lang='lat' dir='ltr'>cfr.</span> 
     </span>
     <span class='ocr_line' id='line_1_34' title="bbox 191 2499 1746 2556; baseline -0.003 -9"><span class='ocrx_word' id='word_1_255' title='bbox 191 2503 467 2547; x_wconf 83' lang='lat' dir='ltr'>Richardson</span> <span class='ocrx_word' id='word_1_256' title='bbox 512 2502 581 2546; x_wconf 77' lang='lat' dir='ltr'>‘de</span> <span class='ocrx_word' id='word_1_257' title='bbox 622 2502 842 2555; x_wconf 88' lang='lat' dir='ltr'>particula</span> <span class='ocrx_word' id='word_1_258' title='bbox 884 2500 994 2545; x_wconf 83' lang='lat' dir='ltr'>dum&#39;</span> <span class='ocrx_word' id='word_1_259' title='bbox 1034 2514 1132 2556; x_wconf 87' lang='lat' dir='ltr'>pag.</span> <span class='ocrx_word' id='word_1_260' title='bbox 1186 2505 1252 2541; x_wconf 79' lang='lat'>94.</span> <span class='ocrx_word' id='word_1_261' title='bbox 1316 2499 1590 2555; x_wconf 84' lang='lat' dir='ltr'>Significatio</span> <span class='ocrx_word' id='word_1_262' title='bbox 1632 2500 1746 2544; x_wconf 89' lang='lat' dir='ltr'>enim</span> 
     </span>
     <span class='ocr_line' id='line_1_35' title="bbox 191 2570 1774 2627; baseline -0.004 -8"><span class='ocrx_word' id='word_1_263' title='bbox 191 2577 478 2620; x_wconf 74' lang='lat' dir='ltr'>tantummodo</span> <span class='ocrx_word' id='word_1_264' title='bbox 511 2586 622 2627; x_wconf 88' lang='lat' dir='ltr'>quae</span> <span class='ocrx_word' id='word_1_265' title='bbox 654 2573 752 2615; x_wconf 87' lang='lat' dir='ltr'>huic</span> <span class='ocrx_word' id='word_1_266' title='bbox 783 2572 879 2616; x_wconf 85' lang='lat' dir='ltr'>voci</span> <span class='ocrx_word' id='word_1_267' title='bbox 910 2572 1053 2615; x_wconf 90' lang='lat' dir='ltr'>inesse</span> <span class='ocrx_word' id='word_1_268' title='bbox 1085 2571 1233 2624; x_wconf 89' lang='lat' dir='ltr'>debet,</span> <span class='ocrx_word' id='word_1_269' title='bbox 1272 2583 1357 2614; x_wconf 91' lang='lat' dir='ltr'>non</span> <span class='ocrx_word' id='word_1_270' title='bbox 1393 2571 1511 2614; x_wconf 88' lang='lat' dir='ltr'>inest</span> <span class='ocrx_word' id='word_1_271' title='bbox 1542 2570 1581 2613; x_wconf 90' lang='lat' dir='ltr'>si</span> <span class='ocrx_word' id='word_1_272' title='bbox 1610 2571 1774 2627; x_wconf 9' lang='lat' dir='ltr'>verba?</span> 
     </span>
     <span class='ocr_line' id='line_1_36' title="bbox 191 2640 1746 2696; baseline -0.001 -9"><span class='ocrx_word' id='word_1_273' title='bbox 191 2645 256 2687; x_wconf 89' lang='lat' dir='ltr'>ita</span> <span class='ocrx_word' id='word_1_274' title='bbox 288 2648 338 2688; x_wconf 93' lang='lat' dir='ltr'>ut</span> <span class='ocrx_word' id='word_1_275' title='bbox 369 2657 423 2688; x_wconf 85' lang='lat' dir='ltr'>ex</span> <span class='ocrx_word' id='word_1_276' title='bbox 454 2643 593 2687; x_wconf 88' lang='lat' dir='ltr'>Keilii</span> <span class='ocrx_word' id='word_1_277' title='bbox 632 2643 821 2686; x_wconf 89' lang='lat' dir='ltr'>editione</span> <span class='ocrx_word' id='word_1_278' title='bbox 860 2641 1070 2696; x_wconf 83' lang='lat' dir='ltr'>exscripsi</span> <span class='ocrx_word' id='word_1_279' title='bbox 1101 2642 1317 2696; x_wconf 86' lang='lat' dir='ltr'>leguntur.</span> <span class='ocrx_word' id='word_1_280' title='bbox 1381 2640 1496 2684; x_wconf 89' lang='lat' dir='ltr'>Nam</span> <span class='ocrx_word' id='word_1_281' title='bbox 1535 2653 1629 2684; x_wconf 90' lang='lat' dir='ltr'>cum</span> <span class='ocrx_word' id='word_1_282' title='bbox 1660 2653 1746 2685; x_wconf 91' lang='lat' dir='ltr'>non</span> 
     </span>
     <span class='ocr_line' id='line_1_37' title="bbox 194 2710 1744 2769; baseline -0.004 -11"><span class='ocrx_word' id='word_1_283' title='bbox 194 2715 247 2758; x_wconf 89' lang='lat' dir='ltr'>de</span> <span class='ocrx_word' id='word_1_284' title='bbox 293 2715 419 2758; x_wconf 88' lang='lat' dir='ltr'>malis</span> <span class='ocrx_word' id='word_1_285' title='bbox 464 2714 601 2758; x_wconf 89' lang='lat' dir='ltr'>solum</span> <span class='ocrx_word' id='word_1_286' title='bbox 637 2713 952 2769; x_wconf 85' lang='lat' dir='ltr'>praecipiatur,</span> <span class='ocrx_word' id='word_1_287' title='bbox 998 2711 1075 2755; x_wconf 88' lang='lat' dir='ltr'>sed</span> <span class='ocrx_word' id='word_1_288' title='bbox 1116 2711 1251 2754; x_wconf 89' lang='lat' dir='ltr'>etiam</span> <span class='ocrx_word' id='word_1_289' title='bbox 1303 2710 1356 2753; x_wconf 88' lang='lat' dir='ltr'>de</span> <span class='ocrx_word' id='word_1_290' title='bbox 1394 2710 1499 2765; x_wconf 91' lang='lat' dir='ltr'>piris</span> <span class='ocrx_word' id='word_1_291' title='bbox 1533 2710 1627 2767; x_wconf 83' lang='lat' dir='ltr'>(cfr.</span> <span class='ocrx_word' id='word_1_292' title='bbox 1663 2712 1686 2765; x_wconf 64' lang='grc' dir='ltr'>ξ</span> <span class='ocrx_word' id='word_1_293' title='bbox 1719 2716 1744 2753; x_wconf 88' lang='lat'>5</span> 
     </span>
     <span class='ocr_line' id='line_1_38' title="bbox 193 2780 1745 2842; baseline -0.005 -11"><span class='ocrx_word' id='word_1_294' title='bbox 193 2789 231 2830; x_wconf 68' lang='lat' dir='ltr'>sz&#39;</span> <span class='ocrx_word' id='word_1_295' title='bbox 271 2788 322 2830; x_wconf 69' lang='lat' dir='ltr'>in</span> <span class='ocrx_word' id='word_1_296' title='bbox 356 2788 501 2842; x_wconf 77' lang='lat' dir='ltr'>piram</span> <span class='ocrx_word' id='word_1_297' title='bbox 547 2788 636 2830; x_wconf 61' lang='lat' dir='ltr'>sile.</span> <span class='ocrx_word' id='word_1_298' title='bbox 686 2784 802 2837; x_wconf 67' lang='lat' dir='ltr'>ete),</span> <span class='ocrx_word' id='word_1_299' title='bbox 850 2783 985 2826; x_wconf 83' lang='lat' dir='ltr'>verba</span> <span class='ocrx_word' id='word_1_300' title='bbox 1026 2788 1074 2826; x_wconf 75' lang='lat' dir='ltr'>ut</span> <span class='ocrx_word' id='word_1_301' title='bbox 1107 2816 1112 2822; x_wconf 93' lang='lat'><em>.</em></span> <span class='ocrx_word' id='word_1_302' title='bbox 1148 2816 1154 2823; x_wconf 94' lang='lat'>.</span> <span class='ocrx_word' id='word_1_303' title='bbox 1192 2813 1200 2822; x_wconf 86' lang='lat'><strong>.</strong></span> <span class='ocrx_word' id='word_1_304' title='bbox 1234 2783 1372 2826; x_wconf 76' lang='lat' dir='ltr'>malus</span> <span class='ocrx_word' id='word_1_305' title='bbox 1414 2781 1477 2824; x_wconf 87' lang='lat' dir='ltr'>sic</span> <span class='ocrx_word' id='word_1_306' title='bbox 1525 2780 1745 2824; x_wconf 81' lang='lat' dir='ltr'>debebant</span> 
     </span>
     <span class='ocr_line' id='line_1_39' title="bbox 196 2851 1743 2910; baseline -0.005 -10"><span class='ocrx_word' id='word_1_307' title='bbox 196 2856 469 2910; x_wconf 83' lang='lat' dir='ltr'>pronuntiari</span> <span class='ocrx_word' id='word_1_308' title='bbox 499 2856 548 2899; x_wconf 92' lang='lat' dir='ltr'>ut</span> <span class='ocrx_word' id='word_1_309' title='bbox 580 2868 632 2899; x_wconf 91' lang='lat' dir='ltr'>ea</span> <span class='ocrx_word' id='word_1_310' title='bbox 655 2854 838 2909; x_wconf 85' lang='lat' dir='ltr'>exempli</span> <span class='ocrx_word' id='word_1_311' title='bbox 865 2856 1039 2896; x_wconf 88' lang='lat' dir='ltr'>tantum</span> <span class='ocrx_word' id='word_1_312' title='bbox 1067 2852 1160 2895; x_wconf 90' lang='lat' dir='ltr'>loco</span> <span class='ocrx_word' id='word_1_313' title='bbox 1187 2851 1370 2906; x_wconf 80' lang='lat' dir='ltr'>proferri</span> <span class='ocrx_word' id='word_1_314' title='bbox 1397 2854 1743 2907; x_wconf 73' lang='lat' dir='ltr'>cognosceretur,</span> 
     </span>
    </p>
   </div>
  </div>
 </body>
</html>
