1833 3048
778 71 1065 107 -74—

148 182 326 225 exhibet
359 195 535 235 quorum
575 183 781 226 nonnulla
813 184 918 226 Keil
956 183 1084 226 affert
1116 184 1161 226 in
1192 197 1340 226 comm.
1376 184 1431 226 ad
1462 185 1487 226 Ι
1520 188 1616 237 2Ο,5
1653 186 1692 225 in

144 254 386 307 eonfrctyoso
419 254 526 295 evim
567 254 682 295 haee
713 268 762 296 αθ
794 254 958 308 difficili
1000 255 1227 296 valentiora
1252 255 1507 308 parandum.

857 349 881 401 g
916 352 980 389 co.

267 418 383 459 Item
430 417 503 459 ubi
549 418 631 460 duo
674 419 867 460 membra
909 418 1140 472 particulis
1184 418 1459 462 correlativis
1500 419 1617 461 inter
1649 432 1696 462 se

143 487 483 541 coniunguntur,
526 500 832 540 nonnunquam
874 489 1131 532 vocabulum
1163 489 1396 541 quoddam,
1441 489 1554 541 quod
1600 502 1695 532 cum

144 559 201 600 ad
233 557 500 600 sententiam
532 571 616 600 non
648 558 796 612 magni
828 559 1035 602 momenti
1074 559 1132 602 sit
1165 559 1257 602 sine
1290 561 1475 601 accentu
1507 572 1693 613 pronun-

143 628 300 681 tiatur,
354 628 563 671 inseritur
609 628 726 671 inter
772 630 956 672 alterius
1010 629 1149 672 utrius
1202 630 1383 671 membri
1428 630 1693 682 particulam

143 698 453 742 correlativam
486 703 531 741 et
564 712 660 741 eam
693 712 841 743 vocem
874 713 985 753 quae
1027 700 1158 742 alteri
1187 699 1475 752 opponitur1);
1511 713 1544 742 e.
1575 714 1615 754 g.
1645 701 1696 743 Π

145 774 209 822 2,7
245 783 327 811 non
358 770 467 811 enim
498 769 630 811 solum
664 770 795 823 uliqo
828 770 970 811 lanam
1008 771 1233 822 corrumpit
1270 771 1416 819 ovium,
1464 770 1539 812 sed
1569 771 1693 812 etiam

142 841 340 892 ἰιφῑῃιιῐαες
376 839 425 881 ΙΙ
453 843 547 893 10,3
582 840 653 894 qui
683 854 764 882 non
795 840 928 882 solum
952 854 1104 893 pecus
1135 841 1251 892 sequi
1274 841 1441 892 possint
1471 841 1545 882 sed
1571 841 1695 882 etiam

141 924 167 951 a
200 910 340 951 bestiis
373 926 421 954 ae
446 910 728 962 praedonibus
760 910 977 963 defendere
1009 910 1104 966 (cfr.
1138 914 1222 953 sat.
1263 910 1314 952 fr.
1346 914 1428 952 208
1467 925 1548 953 ozon
1580 911 1695 952 modo

141 994 222 1022 eos
268 985 496 1033 spectemus
542 980 616 1022 sed
660 985 698 1022 et
740 981 977 1032 imitemur}
1041 981 1254 1025 Similiter
1291 982 1368 1024 111
1409 986 1504 1035 17,2
1545 981 1694 1023 Potius

141 1051 417 1104 marsippimn
449 1051 605 1092 domiui
635 1051 885 1093 exinaniunt
915 1065 1040 1104 quam
1070 1051 1253 1103 implent.

258 1122 465 1164 Formula
498 1120 614 1175 (non)
647 1126 733 1163 tam
765 1147 820 1152 —
852 1136 978 1175 quam
1011 1146 1060 1152 —
1096 1121 1162 1164 bis
1197 1121 1260 1164 sic
1292 1124 1528 1175 usurpatur
1559 1125 1607 1165 ut
1640 1122 1692 1165 de

143 1192 306 1234 duobus
350 1192 552 1235 membris
599 1192 717 1235 inter
758 1205 804 1235 se
847 1192 1058 1246 oppositis
1102 1191 1290 1234 alterum
1333 1195 1458 1235 ante
1490 1205 1529 1235 v.
1564 1193 1693 1247 (non)

142 1266 228 1303 tam
258 1267 460 1315 ponatur,
494 1275 588 1305 cum
621 1275 705 1306 vox
732 1267 850 1316 post
882 1267 968 1304 tam
1000 1263 1145 1316 posita
1176 1262 1344 1316 pariter
1376 1263 1433 1305 ad
1464 1267 1692 1316 utrumque

140 1333 376 1374 membrum
398 1333 639 1386 pertineat;
673 1334 749 1376 IX
768 1338 820 1374 22
843 1334 1019 1375 indoctis
1050 1347 1133 1375 non
1165 1337 1249 1374 tam
1277 1333 1543 1375 irascendum
1570 1347 1693 1386 quam

143 1434 151 1442 .
187 1436 194 1443 .
223 1404 415 1456 patronis
459 1408 504 1446 et
535 1404 560 1446 I
594 1408 643 1444 61
693 1404 790 1446 init.
838 1417 1054 1445 amurcam
1092 1404 1223 1457 periti
1268 1403 1471 1457 ayricolae
1518 1407 1602 1445 tam
1647 1405 1693 1445 in

140 1473 265 1514 doleis
308 1473 488 1514 condunt
519 1487 643 1526 quam
675 1474 817 1515 oleum.
882 1473 1015 1517 Certe
1046 1474 1090 1516 in
1122 1474 1304 1528 legendo
1346 1480 1446 1528 post
1478 1487 1517 1517 v.
1552 1488 1692 1527 quam

140 1551 324 1595 utroque
356 1544 449 1586 loco
481 1544 617 1596 primo
666 1545 822 1587 obtutu
860 1557 1024 1587 mecum
1066 1545 1394 1598 exspectaveris
1436 1545 1692 1588 vocabulum

141 1614 252 1665 quod
284 1614 379 1656 voci
410 1614 674 1656 iraseemlmn
708 1628 742 1658 s.
774 1615 820 1656 in
852 1615 977 1656 doleis
1009 1615 1290 1669 respondeat3
1335 1615 1380 1657 in
1413 1615 1690 1668 colloquendo

140 1684 357 1726 dubitatio
401 1685 568 1727 omnino
619 1697 715 1727 esse
756 1698 841 1728 non
883 1689 1031 1738 potest
1069 1690 1246 1739 propter
1292 1685 1421 1739 plane
1470 1686 1689 1729 diversam

138 1754 452 1806 pronuntiandi
484 1755 709 1798 rationem.

857 1816 879 1867 ξ
915 1820 980 1855 61.

258 1884 321 1926 Ut
355 1896 485 1936 supra
518 1882 557 1939 (ξ
584 1888 653 1934 27)
686 1884 881 1927 breviter
913 1885 1277 1936 adumbravimus,
1312 1886 1453 1928 Varro
1486 1885 1530 1927 in
1563 1898 1689 1928 enun-

139 1953 268 1996 tiatis
316 1953 517 1996 relativis
561 1958 606 1996 et
649 1955 1068 1998 coniunctionalibus
1116 1968 1211 1997 eam
1258 1957 1393 1998 verba
1441 1956 1683 1998 collocandi

137 2024 354 2066 rationem
401 2030 668 2078 summopere
714 2025 759 2067 in
806 2025 973 2068 deliciis
1016 2027 1151 2068 habet
1194 2029 1242 2068 ut
1275 2026 1620 2069 coniunctionem
1653 2040 1686 2069 s.

139 2107 374 2148 pronomen
407 2095 641 2138 relativum
674 2108 700 2138 a
723 2096 861 2150 prima
894 2097 995 2139 sede
1022 2099 1258 2139 removeat.
1308 2096 1440 2139 Cuius
1472 2109 1574 2139 usus
1608 2110 1689 2150 quo

138 2165 213 2207 Vix
235 2164 464 2218 quicquam
486 2165 758 2219 frequentius
782 2167 896 2221 apud
919 2168 1174 2220 Varronem,
1209 2179 1303 2209 cum
1327 2166 1469 2209 omnia
1492 2168 1689 2222 exempla

140 2235 315 2278 minime
338 2236 498 2288 possim
522 2237 764 2289 exhaurire,
799 2237 912 2280 satis
933 2238 1072 2280 habeo
1097 2250 1453 2280 commemorasse
1484 2238 1528 2281 in
1552 2238 1688 2292 primo

137 2318 169 2347 r.
192 2319 223 2347 r.
247 2306 355 2348 libro
379 2306 471 2352 XV
492 2307 599 2349 locis
632 2308 744 2350 hunc
777 2307 969 2351 ordinem
1002 2320 1097 2351 esse
1128 2307 1173 2350 in
1209 2307 1451 2351 enuntiatis
1473 2308 1688 2357 relativis,

136 2376 238 2418 XII
264 2376 309 2418 in
329 2376 747 2432 interrogationibus
771 2377 968 2430 obliquiS,
1003 2378 1096 2423 XV
1127 2377 1173 2420 iu
1205 2378 1447 2421 enuntiatis
1486 2378 1688 2422 finalibus

138 2448 212 2499 (ut,
245 2448 330 2502 ne);
371 2447 597 2491 duodecies
637 2449 784 2504 agitur
817 2449 868 2491 de
906 2448 1206 2492 coniunctione
1245 2448 1398 2501 eum²)‚
1443 2452 1600 2501 quater
1637 2449 1689 2492 de

137 2517 357 2569 particula
389 2519 532 2572 quod,
566 2522 635 2562 ter
668 2519 719 2562 de
752 2518 857 2561 coni.
891 2519 984 2560 ubi.

234 2633 260 2676 ¹)
287 2633 360 2668 Cfr.
395 2633 466 2670 Cic.
495 2634 539 2669 ad
575 2637 648 2669 Att.
676 2634 719 2677 V,
747 2636 824 2677 18,2
860 2639 896 2669 et
928 2638 1055 2669 nostra
1080 2635 1318 2670 mansuetudo
1346 2640 1379 2671 et
1403 2636 1618 2671 abstinentia
1644 2658 1688 2663 —

138 2690 214 2725 scil.
248 2696 374 2725 nostra
408 2696 450 2727 ut
481 2692 659 2738 intelligit
692 2693 921 2738 Nagelsbach
958 2693 1116 2728 ehiasmo
1149 2704 1236 2728 usus
1269 2698 1475 2729 structurae
1512 2695 1688 2740 originem

137 2749 330 2793 explicans.

235 2807 262 2852 ²)
292 2808 392 2850 Quod
421 2809 510 2844 dicit
537 2811 700 2846 Scbmalz
729 2810 806 2846 Stil.
827 2811 847 2857 ξ
865 2813 912 2846 44
936 2812 1154 2856 particulam
1180 2823 1198 2846 c
1209 2824 1274 2847 um
1294 2813 1405 2848 etiam
1423 2816 1500 2847 tum
1526 2823 1548 2847 a
1572 2812 1688 2857 prima

141 2866 223 2901 sede
249 2867 429 2903 removeri
462 2868 492 2904 si
524 2868 622 2904 aliud
648 2869 697 2904 sit
723 2869 924 2906 subiectum
951 2870 1131 2906 enuntiati
1155 2870 1330 2915 primarii,
1356 2871 1455 2906 aliud
1480 2870 1686 2907 inferioris:
