<?xml version="1.0" encoding="UTF-8"?>
<!DOCTYPE html PUBLIC "-//W3C//DTD XHTML 1.0 Transitional//EN"
    "http://www.w3.org/TR/xhtml1/DTD/xhtml1-transitional.dtd">
<html xmlns="http://www.w3.org/1999/xhtml" xml:lang="en" lang="en">
 <head>
  <title>
</title>
<meta http-equiv="Content-Type" content="text/html;charset=utf-8" />
  <meta name='ocr-system' content='tesseract 3.04.00' />
  <meta name='ocr-capabilities' content='ocr_page ocr_carea ocr_par ocr_line ocrx_word'/>
</head>
<body>
  <div class='ocr_page' id='page_1' title='image "./syntaxislucretia00holtuoft_0448.png"; bbox 0 0 1833 3048; ppageno 0'>
   <div class='ocr_carea' id='block_1_1' title="bbox 237 82 1792 1451">
    <p class='ocr_par' dir='ltr' id='par_1_1' title="bbox 237 82 1750 459">
     <span class='ocr_line' id='line_1_1' title="bbox 992 82 1013 115; baseline 0 0"><span class='ocrx_word' id='word_1_1' title='bbox 992 82 1013 115; x_wconf 89' lang='grc'>4</span> 
     </span>
     <span class='ocr_line' id='line_1_2' title="bbox 237 209 1748 258; baseline 0.003 -13"><span class='ocrx_word' id='word_1_2' title='bbox 237 209 405 257; x_wconf 74' lang='lat' dir='ltr'>vulgaris</span> <span class='ocrx_word' id='word_1_3' title='bbox 434 211 687 258; x_wconf 87' lang='lat' dir='ltr'>cotidianique</span> <span class='ocrx_word' id='word_1_4' title='bbox 718 213 903 249; x_wconf 85' lang='lat' dir='ltr'>sermonis</span> <span class='ocrx_word' id='word_1_5' title='bbox 935 213 1049 248; x_wconf 67' lang='lat' dir='ltr'>color.</span> <span class='ocrx_word' id='word_1_6' title='bbox 1084 213 1142 258; x_wconf 84' lang='lat' dir='ltr'>qui</span> <span class='ocrx_word' id='word_1_7' title='bbox 1174 212 1272 249; x_wconf 83' lang='lat' dir='ltr'>idem</span> <span class='ocrx_word' id='word_1_8' title='bbox 1300 213 1339 248; x_wconf 91' lang='lat' dir='ltr'>in</span> <span class='ocrx_word' id='word_1_9' title='bbox 1369 212 1495 250; x_wconf 86' lang='lat' dir='ltr'>Plauti</span> <span class='ocrx_word' id='word_1_10' title='bbox 1525 217 1562 250; x_wconf 90' lang='lat' dir='ltr'>et</span> <span class='ocrx_word' id='word_1_11' title='bbox 1581 213 1748 250; x_wconf 79' lang='lat' dir='ltr'>Terentii</span> 
     </span>
     <span class='ocr_line' id='line_1_3' title="bbox 240 273 1750 325; baseline 0.002 -13"><span class='ocrx_word' id='word_1_12' title='bbox 240 276 375 314; x_wconf 86' lang='lat' dir='ltr'>fabulis</span> <span class='ocrx_word' id='word_1_13' title='bbox 404 281 577 325; x_wconf 77' lang='lat' dir='ltr'>apparet,</span> <span class='ocrx_word' id='word_1_14' title='bbox 599 278 725 314; x_wconf 89' lang='lat' dir='ltr'>multis</span> <span class='ocrx_word' id='word_1_15' title='bbox 745 278 837 315; x_wconf 86' lang='lat' dir='ltr'>locis</span> <span class='ocrx_word' id='word_1_16' title='bbox 860 278 993 315; x_wconf 86' lang='lat' dir='ltr'>lectori</span> <span class='ocrx_word' id='word_1_17' title='bbox 1016 278 1180 314; x_wconf 87' lang='lat' dir='ltr'>occurrit</span> <span class='ocrx_word' id='word_1_18' title='bbox 1201 277 1264 323; x_wconf 88' lang='lat' dir='ltr'>(cf.</span> <span class='ocrx_word' id='word_1_19' title='bbox 1289 273 1512 314; x_wconf 77' lang='lat' dir='ltr'><em>Mommsen</em></span> <span class='ocrx_word' id='word_1_20' title='bbox 1534 278 1582 315; x_wconf 90' lang='lat' dir='ltr'>H.</span> <span class='ocrx_word' id='word_1_21' title='bbox 1605 278 1650 315; x_wconf 85' lang='lat' dir='ltr'>R.</span> <span class='ocrx_word' id='word_1_22' title='bbox 1671 279 1750 315; x_wconf 90' lang='lat'><strong>111⁵</strong></span> 
     </span>
     <span class='ocr_line' id='line_1_4' title="bbox 243 338 1750 392; baseline 0.003 -13"><span class='ocrx_word' id='word_1_23' title='bbox 243 343 340 388; x_wconf 82' lang='lat'>5613</span> <span class='ocrx_word' id='word_1_24' title='bbox 389 344 488 389; x_wconf 75' lang='lat'>5663</span> <span class='ocrx_word' id='word_1_25' title='bbox 531 338 636 392; x_wconf 80' lang='lat'>592)</span> <span class='ocrx_word' id='word_1_26' title='bbox 678 348 715 380; x_wconf 88' lang='lat' dir='ltr'>et</span> <span class='ocrx_word' id='word_1_27' title='bbox 751 344 975 391; x_wconf 80' lang='lat' dir='ltr'>aliquotiens</span> <span class='ocrx_word' id='word_1_28' title='bbox 1016 344 1111 381; x_wconf 82' lang='lat' dir='ltr'>adeo</span> <span class='ocrx_word' id='word_1_29' title='bbox 1153 355 1276 381; x_wconf 86' lang='lat' dir='ltr'>sermo</span> <span class='ocrx_word' id='word_1_30' title='bbox 1307 346 1473 392; x_wconf 85' lang='lat' dir='ltr'>tragicus</span> <span class='ocrx_word' id='word_1_31' title='bbox 1511 347 1750 392; x_wconf 81' lang='lat' dir='ltr'>cognoscitur</span> 
     </span>
     <span class='ocr_line' id='line_1_5' title="bbox 241 403 1747 459; baseline 0.003 -15"><span class='ocrx_word' id='word_1_32' title='bbox 241 403 375 455; x_wconf 77' lang='lat' dir='ltr'>(Riese</span> <span class='ocrx_word' id='word_1_33' title='bbox 405 409 588 446; x_wconf 86' lang='lat' dir='ltr'>Varronis</span> <span class='ocrx_word' id='word_1_34' title='bbox 627 410 849 447; x_wconf 86' lang='lat' dir='ltr'>Saturarum</span> <span class='ocrx_word' id='word_1_35' title='bbox 885 411 1172 456; x_wconf 85' lang='lat' dir='ltr'>Menippearum</span> <span class='ocrx_word' id='word_1_36' title='bbox 1214 410 1399 456; x_wconf 81' lang='lat' dir='ltr'>reliquiae</span> <span class='ocrx_word' id='word_1_37' title='bbox 1443 422 1505 457; x_wconf 84' lang='lat' dir='ltr'>pg.</span> <span class='ocrx_word' id='word_1_38' title='bbox 1548 413 1596 448; x_wconf 78' lang='lat'>59</span> <span class='ocrx_word' id='word_1_39' title='bbox 1636 416 1747 459; x_wconf 71' lang='lat' dir='ltr'>sqq).</span> 
     </span>
    </p>

    <p class='ocr_par' dir='ltr' id='par_1_2' title="bbox 239 475 1749 854">
     <span class='ocr_line' id='line_1_6' title="bbox 349 475 1748 522; baseline 0.002 -10"><span class='ocrx_word' id='word_1_40' title='bbox 349 475 422 513; x_wconf 89' lang='lat' dir='ltr'>Sed</span> <span class='ocrx_word' id='word_1_41' title='bbox 451 479 494 512; x_wconf 85' lang='lat' dir='ltr'>ut</span> <span class='ocrx_word' id='word_1_42' title='bbox 528 477 651 512; x_wconf 89' lang='lat' dir='ltr'>Varro</span> <span class='ocrx_word' id='word_1_43' title='bbox 680 476 761 522; x_wconf 89' lang='lat' dir='ltr'>ipse</span> <span class='ocrx_word' id='word_1_44' title='bbox 791 482 870 513; x_wconf 86' lang='lat' dir='ltr'>toto</span> <span class='ocrx_word' id='word_1_45' title='bbox 900 480 941 512; x_wconf 90' lang='lat' dir='ltr'>ut</span> <span class='ocrx_word' id='word_1_46' title='bbox 970 476 1107 513; x_wconf 88' lang='lat' dir='ltr'>dicitur</span> <span class='ocrx_word' id='word_1_47' title='bbox 1136 480 1290 522; x_wconf 83' lang='lat' dir='ltr'>pectore</span> <span class='ocrx_word' id='word_1_48' title='bbox 1319 475 1530 514; x_wconf 83' lang='lat' dir='ltr'>Romanam</span> <span class='ocrx_word' id='word_1_49' title='bbox 1567 479 1748 516; x_wconf 85' lang='lat' dir='ltr'>severita-</span> 
     </span>
     <span class='ocr_line' id='line_1_7' title="bbox 239 541 1748 590; baseline 0.003 -13"><span class='ocrx_word' id='word_1_50' title='bbox 239 545 313 578; x_wconf 86' lang='lat' dir='ltr'>tem</span> <span class='ocrx_word' id='word_1_51' title='bbox 344 551 411 578; x_wconf 84' lang='lat' dir='ltr'>suo</span> <span class='ocrx_word' id='word_1_52' title='bbox 448 542 621 587; x_wconf 85' lang='lat' dir='ltr'>exemplo</span> <span class='ocrx_word' id='word_1_53' title='bbox 650 541 847 587; x_wconf 73' lang='lat' dir='ltr'>prodebat,</span> <span class='ocrx_word' id='word_1_54' title='bbox 893 543 947 579; x_wconf 85' lang='lat' dir='ltr'>ita</span> <span class='ocrx_word' id='word_1_55' title='bbox 974 543 1013 578; x_wconf 91' lang='lat' dir='ltr'>in</span> <span class='ocrx_word' id='word_1_56' title='bbox 1043 542 1215 579; x_wconf 87' lang='lat' dir='ltr'>omnibus</span> <span class='ocrx_word' id='word_1_57' title='bbox 1255 543 1389 579; x_wconf 87' lang='lat' dir='ltr'>ceteris</span> <span class='ocrx_word' id='word_1_58' title='bbox 1420 544 1602 580; x_wconf 89' lang='lat' dir='ltr'>orationis</span> <span class='ocrx_word' id='word_1_59' title='bbox 1637 555 1748 590; x_wconf 90' lang='lat' dir='ltr'>gene-</span> 
     </span>
     <span class='ocr_line' id='line_1_8' title="bbox 239 607 1748 654; baseline 0.002 -11"><span class='ocrx_word' id='word_1_60' title='bbox 239 607 358 652; x_wconf 86' lang='lat' dir='ltr'>ribus,</span> <span class='ocrx_word' id='word_1_61' title='bbox 389 608 428 643; x_wconf 90' lang='lat' dir='ltr'>in</span> <span class='ocrx_word' id='word_1_62' title='bbox 461 607 593 654; x_wconf 89' lang='lat' dir='ltr'>quibus</span> <span class='ocrx_word' id='word_1_63' title='bbox 623 607 738 645; x_wconf 74' lang='lat' dir='ltr'>verba</span> <span class='ocrx_word' id='word_1_64' title='bbox 766 609 932 645; x_wconf 86' lang='lat' dir='ltr'>numeris</span> <span class='ocrx_word' id='word_1_65' title='bbox 961 620 1035 645; x_wconf 88' lang='lat' dir='ltr'>non</span> <span class='ocrx_word' id='word_1_66' title='bbox 1065 613 1152 645; x_wconf 87' lang='lat' dir='ltr'>sunt</span> <span class='ocrx_word' id='word_1_67' title='bbox 1178 608 1373 651; x_wconf 77' lang='lat' dir='ltr'>adstricta,</span> <span class='ocrx_word' id='word_1_68' title='bbox 1417 620 1499 645; x_wconf 90' lang='lat' dir='ltr'>cum</span> <span class='ocrx_word' id='word_1_69' title='bbox 1530 611 1680 647; x_wconf 91' lang='lat' dir='ltr'>omnino</span> <span class='ocrx_word' id='word_1_70' title='bbox 1709 610 1748 646; x_wconf 90' lang='lat' dir='ltr'>id</span> 
     </span>
     <span class='ocr_line' id='line_1_9' title="bbox 240 673 1748 722; baseline 0.003 -13"><span class='ocrx_word' id='word_1_71' title='bbox 240 673 341 720; x_wconf 91' lang='lat' dir='ltr'>quod</span> <span class='ocrx_word' id='word_1_72' title='bbox 369 674 525 710; x_wconf 88' lang='lat' dir='ltr'>nimium</span> <span class='ocrx_word' id='word_1_73' title='bbox 555 678 593 710; x_wconf 85' lang='lat' dir='ltr'>et</span> <span class='ocrx_word' id='word_1_74' title='bbox 628 673 781 710; x_wconf 82' lang='lat' dir='ltr'>effusius</span> <span class='ocrx_word' id='word_1_75' title='bbox 821 679 917 712; x_wconf 88' lang='lat' dir='ltr'>esset</span> <span class='ocrx_word' id='word_1_76' title='bbox 954 674 1098 711; x_wconf 70' lang='lat' dir='ltr'>vitabat</span> <span class='ocrx_word' id='word_1_77' title='bbox 1135 679 1214 710; x_wconf 89' lang='lat' dir='ltr'>tum</span> <span class='ocrx_word' id='word_1_78' title='bbox 1244 686 1267 712; x_wconf 90' lang='lat' dir='ltr'>a</span> <span class='ocrx_word' id='word_1_79' title='bbox 1296 675 1484 712; x_wconf 86' lang='lat' dir='ltr'>vocabulis</span> <span class='ocrx_word' id='word_1_80' title='bbox 1523 677 1680 722; x_wconf 87' lang='lat' dir='ltr'>poeticis</span> <span class='ocrx_word' id='word_1_81' title='bbox 1708 687 1748 713; x_wconf 88' lang='lat' dir='ltr'>se</span> 
     </span>
     <span class='ocr_line' id='line_1_10' title="bbox 243 735 1749 788; baseline 0.002 -12"><span class='ocrx_word' id='word_1_82' title='bbox 243 739 467 777; x_wconf 78' lang='lat' dir='ltr'>abstinuisse</span> <span class='ocrx_word' id='word_1_83' title='bbox 504 741 586 786; x_wconf 83' lang='lat' dir='ltr'>ipse</span> <span class='ocrx_word' id='word_1_84' title='bbox 629 744 794 777; x_wconf 85' lang='lat' dir='ltr'>testatur</span> <span class='ocrx_word' id='word_1_85' title='bbox 831 741 910 778; x_wconf 92' lang='lat' dir='ltr'>LL.</span> <span class='ocrx_word' id='word_1_86' title='bbox 950 741 996 788; x_wconf 83' lang='lat' dir='ltr'>V,</span> <span class='ocrx_word' id='word_1_87' title='bbox 1039 743 1060 777; x_wconf 86' lang='lat'>9</span> <span class='ocrx_word' id='word_1_88' title='bbox 1100 735 1223 786; x_wconf 68' lang='lat' dir='ltr'>‘quom</span> <span class='ocrx_word' id='word_1_89' title='bbox 1260 742 1419 787; x_wconf 89' lang='lat' dir='ltr'>poeticis</span> <span class='ocrx_word' id='word_1_90' title='bbox 1458 743 1583 779; x_wconf 86' lang='lat' dir='ltr'>multis</span> <span class='ocrx_word' id='word_1_91' title='bbox 1622 742 1749 779; x_wconf 86' lang='lat' dir='ltr'>verbis</span> 
     </span>
     <span class='ocr_line' id='line_1_11' title="bbox 239 802 1650 854; baseline 0.002 -12"><span class='ocrx_word' id='word_1_92' title='bbox 239 807 361 854; x_wconf 86' lang='lat' dir='ltr'>magis</span> <span class='ocrx_word' id='word_1_93' title='bbox 395 806 561 843; x_wconf 88' lang='lat' dir='ltr'>delecter</span> <span class='ocrx_word' id='word_1_94' title='bbox 591 817 704 852; x_wconf 81' lang='lat' dir='ltr'>quain</span> <span class='ocrx_word' id='word_1_95' title='bbox 733 811 832 851; x_wconf 81' lang='lat' dir='ltr'>utar,</span> <span class='ocrx_word' id='word_1_96' title='bbox 863 807 1025 852; x_wconf 81' lang='lat' dir='ltr'>antiquis</span> <span class='ocrx_word' id='word_1_97' title='bbox 1055 808 1173 853; x_wconf 86' lang='lat' dir='ltr'>magis</span> <span class='ocrx_word' id='word_1_98' title='bbox 1203 810 1292 844; x_wconf 92' lang='lat' dir='ltr'>utar</span> <span class='ocrx_word' id='word_1_99' title='bbox 1322 818 1431 854; x_wconf 89' lang='lat' dir='ltr'>quam</span> <span class='ocrx_word' id='word_1_100' title='bbox 1462 802 1650 845; x_wconf 85' lang='lat' dir='ltr'>delecter&#39;.</span> 
     </span>
    </p>

    <p class='ocr_par' dir='ltr' id='par_1_3' title="bbox 239 871 1792 1318">
     <span class='ocr_line' id='line_1_12' title="bbox 350 871 1746 920; baseline 0.002 -12"><span class='ocrx_word' id='word_1_101' title='bbox 350 871 471 910; x_wconf 89' lang='lat' dir='ltr'>Porro</span> <span class='ocrx_word' id='word_1_102' title='bbox 492 872 590 919; x_wconf 85' lang='lat' dir='ltr'>quod</span> <span class='ocrx_word' id='word_1_103' title='bbox 611 872 729 909; x_wconf 82' lang='lat' dir='ltr'>inulta</span> <span class='ocrx_word' id='word_1_104' title='bbox 757 874 795 908; x_wconf 89' lang='lat' dir='ltr'>in</span> <span class='ocrx_word' id='word_1_105' title='bbox 818 871 998 910; x_wconf 79' lang='lat' dir='ltr'>Varronis</span> <span class='ocrx_word' id='word_1_106' title='bbox 1028 873 1191 910; x_wconf 86' lang='lat' dir='ltr'>dictione</span> <span class='ocrx_word' id='word_1_107' title='bbox 1211 884 1233 910; x_wconf 89' lang='lat' dir='ltr'>a</span> <span class='ocrx_word' id='word_1_108' title='bbox 1254 875 1528 911; x_wconf 87' lang='lat' dir='ltr'>sententiarum</span> <span class='ocrx_word' id='word_1_109' title='bbox 1549 885 1695 912; x_wconf 86' lang='lat' dir='ltr'>conexu</span> <span class='ocrx_word' id='word_1_110' title='bbox 1708 871 1746 920; x_wconf 82' lang='lat'>¹)</span> 
     </span>
     <span class='ocr_line' id='line_1_13' title="bbox 240 939 1745 986; baseline 0.003 -12"><span class='ocrx_word' id='word_1_111' title='bbox 240 942 277 974; x_wconf 84' lang='lat' dir='ltr'>et</span> <span class='ocrx_word' id='word_1_112' title='bbox 307 949 330 975; x_wconf 89' lang='lat' dir='ltr'>a</span> <span class='ocrx_word' id='word_1_113' title='bbox 360 939 593 985; x_wconf 80' lang='lat' dir='ltr'>singulorum</span> <span class='ocrx_word' id='word_1_114' title='bbox 623 939 819 976; x_wconf 87' lang='lat' dir='ltr'>verborum</span> <span class='ocrx_word' id='word_1_115' title='bbox 848 950 916 975; x_wconf 91' lang='lat' dir='ltr'>usu</span> <span class='ocrx_word' id='word_1_116' title='bbox 945 943 983 975; x_wconf 86' lang='lat' dir='ltr'>et</span> <span class='ocrx_word' id='word_1_117' title='bbox 1001 939 1238 985; x_wconf 81' lang='lat' dir='ltr'>formatione,</span> <span class='ocrx_word' id='word_1_118' title='bbox 1269 950 1381 986; x_wconf 88' lang='lat' dir='ltr'>quam</span> <span class='ocrx_word' id='word_1_119' title='bbox 1401 941 1622 978; x_wconf 80' lang='lat' dir='ltr'>recentioris</span> <span class='ocrx_word' id='word_1_120' title='bbox 1651 946 1745 979; x_wconf 86' lang='lat' dir='ltr'>tem-</span> 
     </span>
     <span class='ocr_line' id='line_1_14' title="bbox 239 1005 1749 1054; baseline 0.003 -13"><span class='ocrx_word' id='word_1_121' title='bbox 239 1006 344 1051; x_wconf 85' lang='lat' dir='ltr'>poris</span> <span class='ocrx_word' id='word_1_122' title='bbox 377 1006 584 1052; x_wconf 86' lang='lat' dir='ltr'>scriptores</span> <span class='ocrx_word' id='word_1_123' title='bbox 630 1011 849 1052; x_wconf 85' lang='lat' dir='ltr'>sequuntur,</span> <span class='ocrx_word' id='word_1_124' title='bbox 898 1005 1022 1042; x_wconf 89' lang='lat' dir='ltr'>aliena</span> <span class='ocrx_word' id='word_1_125' title='bbox 1059 1007 1196 1051; x_wconf 81' lang='lat' dir='ltr'>insunt,</span> <span class='ocrx_word' id='word_1_126' title='bbox 1240 1006 1278 1043; x_wconf 88' lang='lat' dir='ltr'>id</span> <span class='ocrx_word' id='word_1_127' title='bbox 1307 1006 1435 1052; x_wconf 84' lang='lat' dir='ltr'>aliqua</span> <span class='ocrx_word' id='word_1_128' title='bbox 1473 1017 1518 1043; x_wconf 84' lang='lat' dir='ltr'>ex</span> <span class='ocrx_word' id='word_1_129' title='bbox 1555 1011 1664 1054; x_wconf 87' lang='lat' dir='ltr'>parte</span> <span class='ocrx_word' id='word_1_130' title='bbox 1703 1019 1749 1045; x_wconf 89' lang='lat' dir='ltr'>eo</span> 
     </span>
     <span class='ocr_line' id='line_1_15' title="bbox 243 1062 1792 1120; baseline 0.002 -13"><span class='ocrx_word' id='word_1_131' title='bbox 243 1071 470 1116; x_wconf 81' lang='lat' dir='ltr'>explicatur,</span> <span class='ocrx_word' id='word_1_132' title='bbox 502 1070 602 1117; x_wconf 92' lang='lat' dir='ltr'>quod</span> <span class='ocrx_word' id='word_1_133' title='bbox 631 1072 754 1108; x_wconf 68' lang='lat' dir='ltr'>Varro</span> <span class='ocrx_word' id='word_1_134' title='bbox 785 1072 986 1118; x_wconf 85' lang='lat' dir='ltr'>praecipue</span> <span class='ocrx_word' id='word_1_135' title='bbox 1014 1072 1051 1107; x_wconf 89' lang='lat' dir='ltr'>in</span> <span class='ocrx_word' id='word_1_136' title='bbox 1081 1073 1295 1117; x_wconf 86' lang='lat' dir='ltr'>priscorum</span> <span class='ocrx_word' id='word_1_137' title='bbox 1316 1073 1545 1118; x_wconf 88' lang='lat' dir='ltr'>scriptorum</span> <span class='ocrx_word' id='word_1_138' title='bbox 1575 1074 1751 1120; x_wconf 85' lang='lat' dir='ltr'>operibus</span> <span class='ocrx_word' id='word_1_139' title='bbox 1788 1062 1792 1063; x_wconf 33' lang='lat'><em>⁷</em></span> 
     </span>
     <span class='ocr_line' id='line_1_16' title="bbox 239 1138 1745 1185; baseline 0.002 -11"><span class='ocrx_word' id='word_1_140' title='bbox 239 1138 477 1184; x_wconf 84' lang='lat' dir='ltr'>perlegendis</span> <span class='ocrx_word' id='word_1_141' title='bbox 507 1144 544 1175; x_wconf 90' lang='lat' dir='ltr'>et</span> <span class='ocrx_word' id='word_1_142' title='bbox 565 1138 729 1184; x_wconf 82' lang='lat' dir='ltr'>antiquis</span> <span class='ocrx_word' id='word_1_143' title='bbox 759 1139 888 1184; x_wconf 88' lang='lat' dir='ltr'>populi</span> <span class='ocrx_word' id='word_1_144' title='bbox 914 1138 1075 1175; x_wconf 82' lang='lat' dir='ltr'>Romani</span> <span class='ocrx_word' id='word_1_145' title='bbox 1105 1138 1341 1184; x_wconf 82' lang='lat' dir='ltr'>temporibus</span> <span class='ocrx_word' id='word_1_146' title='bbox 1370 1138 1606 1185; x_wconf 87' lang='lat' dir='ltr'>inquirendis</span> <span class='ocrx_word' id='word_1_147' title='bbox 1637 1150 1745 1177; x_wconf 89' lang='lat' dir='ltr'>occu-</span> 
     </span>
     <span class='ocr_line' id='line_1_17' title="bbox 239 1203 1748 1251; baseline 0.001 -10"><span class='ocrx_word' id='word_1_148' title='bbox 239 1208 351 1250; x_wconf 85' lang='lat' dir='ltr'>patus</span> <span class='ocrx_word' id='word_1_149' title='bbox 379 1205 505 1250; x_wconf 86' lang='lat' dir='ltr'>potius</span> <span class='ocrx_word' id='word_1_150' title='bbox 535 1205 743 1251; x_wconf 87' lang='lat' dir='ltr'>priscorum</span> <span class='ocrx_word' id='word_1_151' title='bbox 773 1203 921 1241; x_wconf 87' lang='lat' dir='ltr'>dicendi</span> <span class='ocrx_word' id='word_1_152' title='bbox 949 1215 1089 1241; x_wconf 85' lang='lat' dir='ltr'>morem</span> <span class='ocrx_word' id='word_1_153' title='bbox 1119 1204 1338 1241; x_wconf 85' lang='lat' dir='ltr'>imitabatur</span> <span class='ocrx_word' id='word_1_154' title='bbox 1383 1215 1493 1250; x_wconf 85' lang='lat' dir='ltr'>quam</span> <span class='ocrx_word' id='word_1_155' title='bbox 1537 1206 1748 1251; x_wconf 87' lang='lat' dir='ltr'>aequalium</span> 
     </span>
     <span class='ocr_line' id='line_1_18' title="bbox 241 1270 1273 1318; baseline 0.001 -11"><span class='ocrx_word' id='word_1_156' title='bbox 241 1270 410 1317; x_wconf 86' lang='lat' dir='ltr'>exemplo</span> <span class='ocrx_word' id='word_1_157' title='bbox 439 1271 488 1307; x_wconf 84' lang='lat' dir='ltr'>ad</span> <span class='ocrx_word' id='word_1_158' title='bbox 516 1282 633 1308; x_wconf 85' lang='lat' dir='ltr'>novas</span> <span class='ocrx_word' id='word_1_159' title='bbox 664 1271 814 1318; x_wconf 83' lang='lat' dir='ltr'>linguae</span> <span class='ocrx_word' id='word_1_160' title='bbox 843 1271 946 1318; x_wconf 84' lang='lat' dir='ltr'>leges</span> <span class='ocrx_word' id='word_1_161' title='bbox 975 1282 1013 1307; x_wconf 89' lang='lat' dir='ltr'>se</span> <span class='ocrx_word' id='word_1_162' title='bbox 1044 1270 1273 1317; x_wconf 84' lang='lat' dir='ltr'>applicabat.</span> 
     </span>
    </p>

    <p class='ocr_par' dir='ltr' id='par_1_4' title="bbox 241 1336 1748 1451">
     <span class='ocr_line' id='line_1_19' title="bbox 351 1336 1748 1384; baseline 0.002 -12"><span class='ocrx_word' id='word_1_163' title='bbox 351 1336 449 1382; x_wconf 81' lang='lat' dir='ltr'>Quin</span> <span class='ocrx_word' id='word_1_164' title='bbox 496 1337 611 1374; x_wconf 87' lang='lat' dir='ltr'>etiam</span> <span class='ocrx_word' id='word_1_165' title='bbox 648 1338 810 1374; x_wconf 86' lang='lat' dir='ltr'>studium</span> <span class='ocrx_word' id='word_1_166' title='bbox 846 1337 949 1382; x_wconf 88' lang='lat' dir='ltr'>illud,</span> <span class='ocrx_word' id='word_1_167' title='bbox 988 1349 1061 1383; x_wconf 88' lang='lat' dir='ltr'>quo</span> <span class='ocrx_word' id='word_1_168' title='bbox 1099 1338 1267 1384; x_wconf 83' lang='lat' dir='ltr'>linguam</span> <span class='ocrx_word' id='word_1_169' title='bbox 1298 1348 1320 1374; x_wconf 82' lang='lat' dir='ltr'>a</span> <span class='ocrx_word' id='word_1_170' title='bbox 1356 1337 1528 1383; x_wconf 85' lang='lat' dir='ltr'>patribus</span> <span class='ocrx_word' id='word_1_171' title='bbox 1567 1337 1748 1375; x_wconf 85' lang='lat' dir='ltr'>traditam</span> 
     </span>
     <span class='ocr_line' id='line_1_20' title="bbox 241 1389 1747 1451; baseline 0.001 -11"><span class='ocrx_word' id='word_1_172' title='bbox 241 1407 473 1440; x_wconf 90' lang='lat' dir='ltr'>commutare</span> <span class='ocrx_word' id='word_1_173' title='bbox 494 1406 677 1441; x_wconf 81' lang='lat' dir='ltr'>conentur</span> <span class='ocrx_word' id='word_1_174' title='bbox 692 1404 929 1448; x_wconf 76' lang='lat' dir='ltr'>recentiores7</span> <span class='ocrx_word' id='word_1_175' title='bbox 961 1413 1035 1440; x_wconf 86' lang='lat' dir='ltr'>non</span> <span class='ocrx_word' id='word_1_176' title='bbox 1054 1404 1134 1440; x_wconf 87' lang='lat' dir='ltr'>sine</span> <span class='ocrx_word' id='word_1_177' title='bbox 1158 1389 1371 1442; x_wconf 36' lang='lat' dir='ltr'>acerbitate·</span> <span class='ocrx_word' id='word_1_178' title='bbox 1386 1406 1548 1451; x_wconf 83' lang='lat' dir='ltr'>castigat</span> <span class='ocrx_word' id='word_1_179' title='bbox 1561 1405 1688 1441; x_wconf 84' lang='lat' dir='ltr'>Varro</span> <span class='ocrx_word' id='word_1_180' title='bbox 1700 1403 1747 1441; x_wconf 87' lang='lat' dir='ltr'>R.</span> 
     </span>
    </p>
   </div>
   <div class='ocr_carea' id='block_1_2' title="bbox 244 1567 1753 2750">
    <p class='ocr_par' dir='ltr' id='par_1_5' title="bbox 244 1567 1753 2750">
     <span class='ocr_line' id='line_1_21' title="bbox 337 1567 1752 1608; baseline -0.001 -8"><span class='ocrx_word' id='word_1_181' title='bbox 337 1568 361 1608; x_wconf 78' lang='lat'>1)</span> <span class='ocrx_word' id='word_1_182' title='bbox 387 1569 513 1600; x_wconf 83' lang='lat' dir='ltr'>Moneo</span> <span class='ocrx_word' id='word_1_183' title='bbox 547 1569 725 1600; x_wconf 85' lang='lat' dir='ltr'>interdum</span> <span class='ocrx_word' id='word_1_184' title='bbox 765 1569 858 1599; x_wconf 76' lang='lat' dir='ltr'>viros</span> <span class='ocrx_word' id='word_1_185' title='bbox 895 1567 1031 1607; x_wconf 68' lang='lat' dir='ltr'>doctos,</span> <span class='ocrx_word' id='word_1_186' title='bbox 1063 1569 1136 1599; x_wconf 70' lang='lat' dir='ltr'>sive</span> <span class='ocrx_word' id='word_1_187' title='bbox 1175 1568 1299 1599; x_wconf 82' lang='lat' dir='ltr'>misera</span> <span class='ocrx_word' id='word_1_188' title='bbox 1335 1572 1515 1599; x_wconf 76' lang='lat' dir='ltr'>contextus</span> <span class='ocrx_word' id='word_1_189' title='bbox 1541 1567 1752 1599; x_wconf 59' lang='lat' dir='ltr'>varroniani</span> 
     </span>
     <span class='ocr_line' id='line_1_22' title="bbox 244 1625 1750 1666; baseline -0.001 -9"><span class='ocrx_word' id='word_1_190' title='bbox 244 1625 404 1657; x_wconf 81' lang='lat' dir='ltr'>condicio</span> <span class='ocrx_word' id='word_1_191' title='bbox 438 1626 510 1657; x_wconf 75' lang='lat' dir='ltr'>sive</span> <span class='ocrx_word' id='word_1_192' title='bbox 545 1625 632 1657; x_wconf 75' lang='lat' dir='ltr'>sals-a</span> <span class='ocrx_word' id='word_1_193' title='bbox 659 1625 843 1657; x_wconf 83' lang='lat' dir='ltr'>verborum</span> <span class='ocrx_word' id='word_1_194' title='bbox 871 1626 1106 1666; x_wconf 73' lang='lat' dir='ltr'>interpretatio</span> <span class='ocrx_word' id='word_1_195' title='bbox 1133 1634 1237 1656; x_wconf 83' lang='lat' dir='ltr'>causa</span> <span class='ocrx_word' id='word_1_196' title='bbox 1263 1630 1347 1662; x_wconf 77' lang='lat' dir='ltr'>erat,</span> <span class='ocrx_word' id='word_1_197' title='bbox 1376 1626 1521 1656; x_wconf 59' lang='lat' dir='ltr'>varroni</span> <span class='ocrx_word' id='word_1_198' title='bbox 1545 1626 1650 1657; x_wconf 81' lang='lat' dir='ltr'>nimis</span> <span class='ocrx_word' id='word_1_199' title='bbox 1675 1636 1750 1656; x_wconf 87' lang='lat' dir='ltr'>vas-</span> 
     </span>
     <span class='ocr_line' id='line_1_23' title="bbox 244 1681 1748 1725; baseline -0.001 -11"><span class='ocrx_word' id='word_1_200' title='bbox 244 1691 317 1714; x_wconf 81' lang='lat' dir='ltr'>tum</span> <span class='ocrx_word' id='word_1_201' title='bbox 353 1690 388 1715; x_wconf 84' lang='lat' dir='ltr'>ct</span> <span class='ocrx_word' id='word_1_202' title='bbox 415 1682 633 1714; x_wconf 85' lang='lat' dir='ltr'>inconditum</span> <span class='ocrx_word' id='word_1_203' title='bbox 667 1683 805 1714; x_wconf 82' lang='lat' dir='ltr'>dicendi</span> <span class='ocrx_word' id='word_1_204' title='bbox 839 1693 948 1725; x_wconf 79' lang='lat' dir='ltr'>genus</span> <span class='ocrx_word' id='word_1_205' title='bbox 974 1683 1180 1714; x_wconf 81' lang='lat' dir='ltr'>inculcasse.</span> <span class='ocrx_word' id='word_1_206' title='bbox 1236 1681 1283 1713; x_wconf 79' lang='lat' dir='ltr'>Ut</span> <span class='ocrx_word' id='word_1_207' title='bbox 1321 1692 1427 1713; x_wconf 88' lang='lat' dir='ltr'>unum</span> <span class='ocrx_word' id='word_1_208' title='bbox 1466 1689 1499 1713; x_wconf 82' lang='lat' dir='ltr'>et</span> <span class='ocrx_word' id='word_1_209' title='bbox 1531 1682 1748 1722; x_wconf 85' lang='lat' dir='ltr'>praeclarum</span> 
     </span>
     <span class='ocr_line' id='line_1_24' title="bbox 245 1738 1751 1781; baseline -0.001 -11"><span class='ocrx_word' id='word_1_210' title='bbox 245 1740 391 1781; x_wconf 80' lang='lat' dir='ltr'>seligam</span> <span class='ocrx_word' id='word_1_211' title='bbox 427 1739 642 1780; x_wconf 73' lang='lat' dir='ltr'>exemplum,</span> <span class='ocrx_word' id='word_1_212' title='bbox 676 1750 717 1770; x_wconf 73' lang='lat' dir='ltr'>ex</span> <span class='ocrx_word' id='word_1_213' title='bbox 757 1750 823 1780; x_wconf 86' lang='lat' dir='ltr'>quo</span> <span class='ocrx_word' id='word_1_214' title='bbox 856 1740 1091 1780; x_wconf 71' lang='lat' dir='ltr'>intellegatur,</span> <span class='ocrx_word' id='word_1_215' title='bbox 1129 1744 1259 1780; x_wconf 87' lang='lat' dir='ltr'>quanta</span> <span class='ocrx_word' id='word_1_216' title='bbox 1285 1741 1398 1771; x_wconf 85' lang='lat' dir='ltr'>cautio</span> <span class='ocrx_word' id='word_1_217' title='bbox 1424 1738 1624 1770; x_wconf 82' lang='lat' dir='ltr'>adhibenda</span> <span class='ocrx_word' id='word_1_218' title='bbox 1648 1740 1693 1770; x_wconf 86' lang='lat' dir='ltr'>sit</span> <span class='ocrx_word' id='word_1_219' title='bbox 1716 1741 1751 1769; x_wconf 85' lang='lat' dir='ltr'>in</span> 
     </span>
     <span class='ocr_line' id='line_1_25' title="bbox 244 1796 1751 1838; baseline 0 -12"><span class='ocrx_word' id='word_1_220' title='bbox 244 1796 477 1828; x_wconf 80' lang='lat' dir='ltr'>diiudicandis</span> <span class='ocrx_word' id='word_1_221' title='bbox 506 1797 779 1838; x_wconf 72' lang='lat' dir='ltr'>quaestionibus,</span> <span class='ocrx_word' id='word_1_222' title='bbox 813 1807 903 1838; x_wconf 79' lang='lat' dir='ltr'>qnae</span> <span class='ocrx_word' id='word_1_223' title='bbox 928 1798 970 1828; x_wconf 82' lang='lat' dir='ltr'>ad</span> <span class='ocrx_word' id='word_1_224' title='bbox 993 1798 1157 1828; x_wconf 70' lang='lat' dir='ltr'>Varronis</span> <span class='ocrx_word' id='word_1_225' title='bbox 1184 1796 1322 1827; x_wconf 84' lang='lat' dir='ltr'>dicendi</span> <span class='ocrx_word' id='word_1_226' title='bbox 1349 1806 1460 1838; x_wconf 86' lang='lat' dir='ltr'>genus</span> <span class='ocrx_word' id='word_1_227' title='bbox 1485 1800 1654 1838; x_wconf 83' lang='lat' dir='ltr'>spectant,</span> <span class='ocrx_word' id='word_1_228' title='bbox 1680 1806 1751 1826; x_wconf 85' lang='lat' dir='ltr'>mo-</span> 
     </span>
     <span class='ocr_line' id='line_1_26' title="bbox 245 1852 1750 1895; baseline -0.001 -11"><span class='ocrx_word' id='word_1_229' title='bbox 245 1854 367 1885; x_wconf 83' lang='lat' dir='ltr'>dorum</span> <span class='ocrx_word' id='word_1_230' title='bbox 406 1853 502 1884; x_wconf 87' lang='lat' dir='ltr'>illam</span> <span class='ocrx_word' id='word_1_231' title='bbox 544 1854 840 1895; x_wconf 78' lang='lat' dir='ltr'>inaequalitatem,</span> <span class='ocrx_word' id='word_1_232' title='bbox 875 1865 975 1895; x_wconf 70' lang='lat' dir='ltr'>quani</span> <span class='ocrx_word' id='word_1_233' title='bbox 1016 1854 1052 1886; x_wconf 81' lang='grc' dir='ltr'>Ο.</span> <span class='ocrx_word' id='word_1_234' title='bbox 1076 1853 1216 1884; x_wconf 75' lang='lat' dir='ltr'>Mueller</span> <span class='ocrx_word' id='word_1_235' title='bbox 1253 1853 1296 1884; x_wconf 83' lang='lat' dir='ltr'>ad</span> <span class='ocrx_word' id='word_1_236' title='bbox 1323 1854 1360 1884; x_wconf 93' lang='lat' dir='ltr'>L.</span> <span class='ocrx_word' id='word_1_237' title='bbox 1399 1854 1435 1884; x_wconf 90' lang='lat' dir='ltr'>L.</span> <span class='ocrx_word' id='word_1_238' title='bbox 1465 1853 1522 1892; x_wconf 82' lang='lat' dir='ltr'>VI,</span> <span class='ocrx_word' id='word_1_239' title='bbox 1550 1852 1594 1884; x_wconf 75' lang='lat'>82</span> <span class='ocrx_word' id='word_1_240' title='bbox 1619 1864 1638 1883; x_wconf 92' lang='lat' dir='ltr'>a</span> <span class='ocrx_word' id='word_1_241' title='bbox 1664 1853 1750 1883; x_wconf 82' lang='lat' dir='ltr'>Var-</span> 
     </span>
     <span class='ocr_line' id='line_1_27' title="bbox 245 1910 1750 1952; baseline -0.001 -11"><span class='ocrx_word' id='word_1_242' title='bbox 245 1921 327 1942; x_wconf 84' lang='lat' dir='ltr'>rone</span> <span class='ocrx_word' id='word_1_243' title='bbox 359 1915 409 1941; x_wconf 75' lang='lat' dir='ltr'>ita</span> <span class='ocrx_word' id='word_1_244' title='bbox 443 1911 629 1942; x_wconf 78' lang='lat' dir='ltr'>admissam</span> <span class='ocrx_word' id='word_1_245' title='bbox 662 1922 735 1942; x_wconf 78' lang='lat' dir='ltr'>esse</span> <span class='ocrx_word' id='word_1_246' title='bbox 779 1912 978 1951; x_wconf 75' lang='lat' dir='ltr'>contendit,</span> <span class='ocrx_word' id='word_1_247' title='bbox 1025 1921 1059 1942; x_wconf 72' lang='lat' dir='ltr'>ut</span> <span class='ocrx_word' id='word_1_248' title='bbox 1095 1914 1129 1942; x_wconf 87' lang='lat' dir='ltr'>in</span> <span class='ocrx_word' id='word_1_249' title='bbox 1167 1921 1236 1942; x_wconf 85' lang='lat' dir='ltr'>una</span> <span class='ocrx_word' id='word_1_250' title='bbox 1274 1910 1464 1952; x_wconf 82' lang='lat' dir='ltr'>eademque</span> <span class='ocrx_word' id='word_1_251' title='bbox 1508 1910 1750 1941; x_wconf 82' lang='lat' dir='ltr'>enuntiatione</span> 
     </span>
     <span class='ocr_line' id='line_1_28' title="bbox 246 1966 1751 2009; baseline -0.001 -11"><span class='ocrx_word' id='word_1_252' title='bbox 246 1968 390 1999; x_wconf 80' lang='lat' dir='ltr'>duorum</span> <span class='ocrx_word' id='word_1_253' title='bbox 422 1968 608 1999; x_wconf 84' lang='lat' dir='ltr'>verborum</span> <span class='ocrx_word' id='word_1_254' title='bbox 643 1972 686 2000; x_wconf 77' lang='lat' dir='ltr'>ab</span> <span class='ocrx_word' id='word_1_255' title='bbox 719 1967 839 1999; x_wconf 86' lang='lat' dir='ltr'>eadem</span> <span class='ocrx_word' id='word_1_256' title='bbox 864 1968 1033 2009; x_wconf 80' lang='lat' dir='ltr'>particula</span> <span class='ocrx_word' id='word_1_257' title='bbox 1068 1968 1296 2009; x_wconf 78' lang='lat' dir='ltr'>pendentium</span> <span class='ocrx_word' id='word_1_258' title='bbox 1322 1968 1467 1999; x_wconf 79' lang='lat' dir='ltr'>alterum</span> <span class='ocrx_word' id='word_1_259' title='bbox 1491 1966 1674 1998; x_wconf 83' lang='lat' dir='ltr'>indicativi</span> <span class='ocrx_word' id='word_1_260' title='bbox 1701 1967 1751 1997; x_wconf 89' lang='lat' dir='ltr'>al-</span> 
     </span>
     <span class='ocr_line' id='line_1_29' title="bbox 244 2016 1749 2065; baseline -0.001 -10"><span class='ocrx_word' id='word_1_261' title='bbox 244 2032 355 2056; x_wconf 83' lang='lat' dir='ltr'>terum</span> <span class='ocrx_word' id='word_1_262' title='bbox 384 2027 597 2056; x_wconf 76' lang='lat' dir='ltr'>coniunctivi</span> <span class='ocrx_word' id='word_1_263' title='bbox 616 2026 760 2057; x_wconf 83' lang='lat' dir='ltr'>sormam</span> <span class='ocrx_word' id='word_1_264' title='bbox 780 2025 949 2065; x_wconf 82' lang='lat' dir='ltr'>indueret,</span> <span class='ocrx_word' id='word_1_265' title='bbox 976 2025 1071 2057; x_wconf 73' lang='lat' dir='ltr'>velut</span> <span class='ocrx_word' id='word_1_266' title='bbox 1088 2026 1125 2056; x_wconf 92' lang='lat' dir='ltr'>L.</span> <span class='ocrx_word' id='word_1_267' title='bbox 1146 2028 1186 2057; x_wconf 87' lang='lat' dir='ltr'>L.</span> <span class='ocrx_word' id='word_1_268' title='bbox 1204 2026 1263 2065; x_wconf 89' lang='lat' dir='ltr'>VI,</span> <span class='ocrx_word' id='word_1_269' title='bbox 1290 2027 1331 2057; x_wconf 76' lang='lat'>95</span> <span class='ocrx_word' id='word_1_270' title='bbox 1359 2016 1456 2057; x_wconf 66' lang='lat' dir='ltr'>‘Cum</span> <span class='ocrx_word' id='word_1_271' title='bbox 1479 2035 1549 2056; x_wconf 86' lang='lat' dir='ltr'>non</span> <span class='ocrx_word' id='word_1_272' title='bbox 1575 2024 1749 2055; x_wconf 82' lang='lat' dir='ltr'>adesset</span> 
     </span>
     <span class='ocr_line' id='line_1_30' title="bbox 246 2071 1753 2124; baseline -0.001 -12"><span class='ocrx_word' id='word_1_273' title='bbox 246 2087 278 2112; x_wconf 92' lang='lat' dir='ltr'>et</span> <span class='ocrx_word' id='word_1_274' title='bbox 303 2081 392 2112; x_wconf 82' lang='lat' dir='ltr'>nihil</span> <span class='ocrx_word' id='word_1_275' title='bbox 417 2077 643 2113; x_wconf 78' lang='lat' dir='ltr'>intererat&#39;</span> <span class='ocrx_word' id='word_1_276' title='bbox 670 2090 701 2113; x_wconf 87' lang='lat' dir='ltr'>et</span> <span class='ocrx_word' id='word_1_277' title='bbox 726 2083 788 2122; x_wconf 73' lang='lat' dir='ltr'>IX,</span> <span class='ocrx_word' id='word_1_278' title='bbox 819 2085 857 2114; x_wconf 85' lang='lat'>10</span> <span class='ocrx_word' id='word_1_279' title='bbox 885 2073 986 2124; x_wconf 68' lang='lat' dir='ltr'>‘quod</span> <span class='ocrx_word' id='word_1_280' title='bbox 1012 2083 1164 2114; x_wconf 83' lang='lat' dir='ltr'>nondum</span> <span class='ocrx_word' id='word_1_281' title='bbox 1191 2088 1254 2113; x_wconf 81' lang='lat' dir='ltr'>est</span> <span class='ocrx_word' id='word_1_282' title='bbox 1291 2092 1325 2113; x_wconf 78' lang='lat' dir='ltr'>et</span> <span class='ocrx_word' id='word_1_283' title='bbox 1350 2092 1531 2124; x_wconf 85' lang='lat' dir='ltr'>perperam</span> <span class='ocrx_word' id='word_1_284' title='bbox 1558 2071 1753 2112; x_wconf 81' lang='lat' dir='ltr'>dicatur&#39;</span> 
     </span>
     <span class='ocr_line' id='line_1_31' title="bbox 245 2137 1750 2181; baseline -0.001 -12"><span class='ocrx_word' id='word_1_285' title='bbox 245 2142 310 2171; x_wconf 81' lang='lat' dir='ltr'>cet.</span> <span class='ocrx_word' id='word_1_286' title='bbox 341 2143 401 2169; x_wconf 84' lang='lat' dir='ltr'>aut</span> <span class='ocrx_word' id='word_1_287' title='bbox 431 2144 529 2171; x_wconf 84' lang='lat' dir='ltr'>recta</span> <span class='ocrx_word' id='word_1_288' title='bbox 559 2140 745 2171; x_wconf 75' lang='lat' dir='ltr'>verborum</span> <span class='ocrx_word' id='word_1_289' title='bbox 782 2141 1064 2181; x_wconf 78' lang='lat' dir='ltr'>interpretatione</span> <span class='ocrx_word' id='word_1_290' title='bbox 1106 2147 1164 2171; x_wconf 83' lang='lat' dir='ltr'>aut</span> <span class='ocrx_word' id='word_1_291' title='bbox 1195 2139 1377 2171; x_wconf 86' lang='lat' dir='ltr'>emendata</span> <span class='ocrx_word' id='word_1_292' title='bbox 1409 2138 1570 2170; x_wconf 76' lang='lat' dir='ltr'>codicum</span> <span class='ocrx_word' id='word_1_293' title='bbox 1600 2137 1750 2170; x_wconf 78' lang='lat' dir='ltr'>lectione</span> 
     </span>
     <span class='ocr_line' id='line_1_32' title="bbox 245 2194 1749 2238; baseline -0.001 -12"><span class='ocrx_word' id='word_1_294' title='bbox 245 2195 434 2227; x_wconf 85' lang='lat' dir='ltr'>tollendam</span> <span class='ocrx_word' id='word_1_295' title='bbox 468 2207 541 2228; x_wconf 83' lang='lat' dir='ltr'>esse</span> <span class='ocrx_word' id='word_1_296' title='bbox 576 2203 668 2228; x_wconf 80' lang='lat' dir='ltr'>recte</span> <span class='ocrx_word' id='word_1_297' title='bbox 703 2203 805 2238; x_wconf 75' lang='lat' dir='ltr'>atque</span> <span class='ocrx_word' id='word_1_298' title='bbox 837 2197 1016 2228; x_wconf 85' lang='lat' dir='ltr'>evidenter</span> <span class='ocrx_word' id='word_1_299' title='bbox 1051 2197 1201 2228; x_wconf 77' lang='lat' dir='ltr'>ostendit</span> <span class='ocrx_word' id='word_1_300' title='bbox 1237 2195 1270 2228; x_wconf 82' lang='lat' dir='ltr'>C.</span> <span class='ocrx_word' id='word_1_301' title='bbox 1296 2195 1332 2227; x_wconf 91' lang='lat' dir='ltr'>F.</span> <span class='ocrx_word' id='word_1_302' title='bbox 1368 2196 1414 2227; x_wconf 78' lang='lat' dir='ltr'>W.</span> <span class='ocrx_word' id='word_1_303' title='bbox 1438 2194 1580 2227; x_wconf 77' lang='lat' dir='ltr'>Mueller</span> <span class='ocrx_word' id='word_1_304' title='bbox 1604 2195 1641 2225; x_wconf 90' lang='lat' dir='ltr'>Z.</span> <span class='ocrx_word' id='word_1_305' title='bbox 1667 2196 1690 2226; x_wconf 84' lang='lat' dir='ltr'>s.</span> <span class='ocrx_word' id='word_1_306' title='bbox 1716 2194 1749 2225; x_wconf 86' lang='lat' dir='ltr'>d.</span> 
     </span>
     <span class='ocr_line' id='line_1_33' title="bbox 247 2252 1750 2296; baseline -0.001 -12"><span class='ocrx_word' id='word_1_307' title='bbox 247 2252 375 2295; x_wconf 85' lang='lat' dir='ltr'>Gymn.</span> <span class='ocrx_word' id='word_1_308' title='bbox 408 2252 494 2285; x_wconf 80' lang='lat' dir='ltr'>XIX</span> <span class='ocrx_word' id='word_1_309' title='bbox 521 2255 606 2285; x_wconf 78' lang='lat'>1865</span> <span class='ocrx_word' id='word_1_310' title='bbox 633 2266 666 2296; x_wconf 83' lang='lat' dir='ltr'>p.</span> <span class='ocrx_word' id='word_1_311' title='bbox 693 2256 771 2286; x_wconf 67' lang='lat'>568,</span> <span class='ocrx_word' id='word_1_312' title='bbox 820 2255 923 2286; x_wconf 84' lang='lat' dir='ltr'>Hanc</span> <span class='ocrx_word' id='word_1_313' title='bbox 947 2253 1231 2295; x_wconf 80' lang='lat' dir='ltr'>inaequalitatem</span> <span class='ocrx_word' id='word_1_314' title='bbox 1256 2263 1335 2284; x_wconf 83' lang='lat' dir='ltr'>cum</span> <span class='ocrx_word' id='word_1_315' title='bbox 1366 2254 1402 2284; x_wconf 91' lang='lat' dir='ltr'>in</span> <span class='ocrx_word' id='word_1_316' title='bbox 1431 2256 1625 2294; x_wconf 79' lang='lat' dir='ltr'>temporum</span> <span class='ocrx_word' id='word_1_317' title='bbox 1650 2262 1750 2283; x_wconf 89' lang='lat' dir='ltr'>usum</span> 
     </span>
     <span class='ocr_line' id='line_1_34' title="bbox 247 2309 1750 2352; baseline 0 -12"><span class='ocrx_word' id='word_1_318' title='bbox 247 2309 467 2342; x_wconf 82' lang='lat' dir='ltr'>transtulerit</span> <span class='ocrx_word' id='word_1_319' title='bbox 498 2310 541 2341; x_wconf 81' lang='lat' dir='ltr'>A.</span> <span class='ocrx_word' id='word_1_320' title='bbox 569 2310 666 2342; x_wconf 77' lang='lat' dir='ltr'>Riese</span> <span class='ocrx_word' id='word_1_321' title='bbox 689 2311 725 2341; x_wconf 85' lang='lat' dir='ltr'>in</span> <span class='ocrx_word' id='word_1_322' title='bbox 750 2311 815 2342; x_wconf 78' lang='lat' dir='ltr'>Rh.</span> <span class='ocrx_word' id='word_1_323' title='bbox 842 2312 930 2343; x_wconf 79' lang='lat' dir='ltr'>Mus.</span> <span class='ocrx_word' id='word_1_324' title='bbox 958 2311 1043 2342; x_wconf 79' lang='lat' dir='ltr'>XXI</span> <span class='ocrx_word' id='word_1_325' title='bbox 1067 2323 1100 2352; x_wconf 82' lang='lat' dir='ltr'>p.</span> <span class='ocrx_word' id='word_1_326' title='bbox 1129 2314 1189 2342; x_wconf 87' lang='grc'>111</span> <span class='ocrx_word' id='word_1_327' title='bbox 1228 2314 1259 2342; x_wconf 91' lang='lat' dir='ltr'>et</span> <span class='ocrx_word' id='word_1_328' title='bbox 1294 2311 1396 2341; x_wconf 81' lang='lat' dir='ltr'>Satir.</span> <span class='ocrx_word' id='word_1_329' title='bbox 1428 2318 1595 2350; x_wconf 83' lang='lat' dir='ltr'>apparatu</span> <span class='ocrx_word' id='word_1_330' title='bbox 1625 2310 1750 2340; x_wconf 81' lang='lat' dir='ltr'>critico</span> 
     </span>
     <span class='ocr_line' id='line_1_35' title="bbox 246 2367 1750 2410; baseline -0.001 -11"><span class='ocrx_word' id='word_1_331' title='bbox 246 2378 280 2409; x_wconf 80' lang='lat' dir='ltr'>p.</span> <span class='ocrx_word' id='word_1_332' title='bbox 307 2368 388 2406; x_wconf 79' lang='lat'>196,</span> <span class='ocrx_word' id='word_1_333' title='bbox 421 2369 512 2399; x_wconf 82' lang='lat' dir='ltr'>iusta</span> <span class='ocrx_word' id='word_1_334' title='bbox 531 2378 636 2399; x_wconf 84' lang='lat' dir='ltr'>causa</span> <span class='ocrx_word' id='word_1_335' title='bbox 673 2368 814 2401; x_wconf 65' lang='lat' dir='ltr'>li&#39;ettner</span> <span class='ocrx_word' id='word_1_336' title='bbox 847 2369 1024 2400; x_wconf 78' lang='lat' dir='ltr'>Kritisclie</span> <span class='ocrx_word' id='word_1_337' title='bbox 1050 2368 1317 2410; x_wconf 82' lang='lat' dir='ltr'>Bemerkungen</span> <span class='ocrx_word' id='word_1_338' title='bbox 1349 2378 1390 2398; x_wconf 88' lang='lat' dir='ltr'>zu</span> <span class='ocrx_word' id='word_1_339' title='bbox 1415 2367 1527 2398; x_wconf 69' lang='lat' dir='ltr'>Varro</span> <span class='ocrx_word' id='word_1_340' title='bbox 1561 2379 1593 2409; x_wconf 90' lang='lat' dir='ltr'>p.</span> <span class='ocrx_word' id='word_1_341' title='bbox 1620 2371 1636 2398; x_wconf 82' lang='lat'>2</span> <span class='ocrx_word' id='word_1_342' title='bbox 1664 2367 1750 2398; x_wconf 77' lang='lat' dir='ltr'>mihi</span> 
     </span>
     <span class='ocr_line' id='line_1_36' title="bbox 247 2424 1752 2467; baseline 0.001 -13"><span class='ocrx_word' id='word_1_343' title='bbox 247 2424 385 2456; x_wconf 86' lang='lat' dir='ltr'>videtur</span> <span class='ocrx_word' id='word_1_344' title='bbox 415 2426 588 2466; x_wconf 81' lang='lat' dir='ltr'>suspicari</span> <span class='ocrx_word' id='word_1_345' title='bbox 623 2425 812 2457; x_wconf 79' lang='lat' dir='ltr'>Varronem</span> <span class='ocrx_word' id='word_1_346' title='bbox 837 2425 871 2456; x_wconf 87' lang='lat' dir='ltr'>in</span> <span class='ocrx_word' id='word_1_347' title='bbox 897 2432 1089 2467; x_wconf 86' lang='lat' dir='ltr'>temporum</span> <span class='ocrx_word' id='word_1_348' title='bbox 1119 2436 1183 2457; x_wconf 86' lang='lat' dir='ltr'>usu</span> <span class='ocrx_word' id='word_1_349' title='bbox 1207 2436 1275 2457; x_wconf 84' lang='lat' dir='ltr'>non</span> <span class='ocrx_word' id='word_1_350' title='bbox 1301 2426 1415 2456; x_wconf 82' lang='lat' dir='ltr'>minus</span> <span class='ocrx_word' id='word_1_351' title='bbox 1448 2435 1549 2466; x_wconf 84' lang='lat' dir='ltr'>qnam</span> <span class='ocrx_word' id='word_1_352' title='bbox 1575 2426 1611 2455; x_wconf 89' lang='lat' dir='ltr'>in</span> <span class='ocrx_word' id='word_1_353' title='bbox 1636 2424 1752 2455; x_wconf 85' lang='lat' dir='ltr'>modo-</span> 
     </span>
     <span class='ocr_line' id='line_1_37' title="bbox 247 2481 1751 2524; baseline 0.001 -12"><span class='ocrx_word' id='word_1_354' title='bbox 247 2492 322 2512; x_wconf 84' lang='lat' dir='ltr'>rum</span> <span class='ocrx_word' id='word_1_355' title='bbox 349 2492 413 2513; x_wconf 89' lang='lat' dir='ltr'>usu</span> <span class='ocrx_word' id='word_1_356' title='bbox 445 2482 488 2513; x_wconf 83' lang='lat' dir='ltr'>ab</span> <span class='ocrx_word' id='word_1_357' title='bbox 514 2483 580 2514; x_wconf 84' lang='lat' dir='ltr'>hac</span> <span class='ocrx_word' id='word_1_358' title='bbox 605 2483 854 2523; x_wconf 78' lang='lat' dir='ltr'>inaequalitate</span> <span class='ocrx_word' id='word_1_359' title='bbox 880 2482 1130 2514; x_wconf 84' lang='lat' dir='ltr'>vindicandum</span> <span class='ocrx_word' id='word_1_360' title='bbox 1157 2494 1241 2514; x_wconf 80' lang='lat' dir='ltr'>esse.</span> <span class='ocrx_word' id='word_1_361' title='bbox 1266 2484 1345 2524; x_wconf 82' lang='lat' dir='ltr'>Ipse</span> <span class='ocrx_word' id='word_1_362' title='bbox 1363 2481 1457 2512; x_wconf 74' lang='lat' dir='ltr'>Riese</span> <span class='ocrx_word' id='word_1_363' title='bbox 1482 2484 1517 2512; x_wconf 84' lang='lat' dir='ltr'>in</span> <span class='ocrx_word' id='word_1_364' title='bbox 1541 2482 1631 2522; x_wconf 85' lang='lat' dir='ltr'>loco,</span> <span class='ocrx_word' id='word_1_365' title='bbox 1650 2491 1751 2523; x_wconf 88' lang='lat' dir='ltr'>quem</span> 
     </span>
     <span class='ocr_line' id='line_1_38' title="bbox 248 2530 1752 2581; baseline 0 -12"><span class='ocrx_word' id='word_1_366' title='bbox 248 2539 413 2569; x_wconf 82' lang='lat' dir='ltr'>attulerat</span> <span class='ocrx_word' id='word_1_367' title='bbox 438 2539 474 2568; x_wconf 89' lang='lat' dir='ltr'>in</span> <span class='ocrx_word' id='word_1_368' title='bbox 500 2548 576 2580; x_wconf 88' lang='lat' dir='ltr'>app.</span> <span class='ocrx_word' id='word_1_369' title='bbox 604 2539 669 2569; x_wconf 85' lang='lat' dir='ltr'>crit</span> <span class='ocrx_word' id='word_1_370' title='bbox 694 2551 726 2580; x_wconf 85' lang='lat' dir='ltr'>p.</span> <span class='ocrx_word' id='word_1_371' title='bbox 754 2540 818 2570; x_wconf 82' lang='lat'>196</span> <span class='ocrx_word' id='word_1_372' title='bbox 844 2549 886 2569; x_wconf 81' lang='lat' dir='ltr'>ex</span> <span class='ocrx_word' id='word_1_373' title='bbox 912 2539 1018 2581; x_wconf 81' lang='lat' dir='ltr'>Epist.</span> <span class='ocrx_word' id='word_1_374' title='bbox 1045 2540 1088 2572; x_wconf 86' lang='lat' dir='ltr'>ad</span> <span class='ocrx_word' id='word_1_375' title='bbox 1114 2540 1301 2571; x_wconf 79' lang='lat' dir='ltr'>Marullum</span> <span class='ocrx_word' id='word_1_376' title='bbox 1327 2550 1359 2580; x_wconf 86' lang='lat' dir='ltr'>p.</span> <span class='ocrx_word' id='word_1_377' title='bbox 1387 2541 1463 2579; x_wconf 67' lang='lat'>260,</span> <span class='ocrx_word' id='word_1_378' title='bbox 1491 2530 1519 2569; x_wconf 82' lang='lat'>1‘</span> <span class='ocrx_word' id='word_1_379' title='bbox 1546 2539 1669 2570; x_wconf 69' lang='lat' dir='ltr'>Utrum</span> <span class='ocrx_word' id='word_1_380' title='bbox 1684 2549 1752 2569; x_wconf 88' lang='lat' dir='ltr'>me-</span> 
     </span>
     <span class='ocr_line' id='line_1_39' title="bbox 247 2593 1749 2638; baseline 0.001 -13"><span class='ocrx_word' id='word_1_381' title='bbox 247 2594 336 2625; x_wconf 86' lang='lat' dir='ltr'>ridie</span> <span class='ocrx_word' id='word_1_382' title='bbox 362 2606 404 2625; x_wconf 88' lang='lat' dir='ltr'>an</span> <span class='ocrx_word' id='word_1_383' title='bbox 424 2596 560 2636; x_wconf 78' lang='lat' dir='ltr'>vesperi</span> <span class='ocrx_word' id='word_1_384' title='bbox 578 2594 769 2627; x_wconf 81' lang='lat' dir='ltr'>libentius.</span> <span class='ocrx_word' id='word_1_385' title='bbox 793 2618 800 2625; x_wconf 86' lang='lat'><strong>.</strong></span> <span class='ocrx_word' id='word_1_386' title='bbox 825 2621 832 2627; x_wconf 90' lang='lat'>.</span> <span class='ocrx_word' id='word_1_387' title='bbox 859 2618 865 2625; x_wconf 94' lang='lat'>.</span> <span class='ocrx_word' id='word_1_388' title='bbox 893 2597 1051 2638; x_wconf 81' lang='lat' dir='ltr'>accedas,</span> <span class='ocrx_word' id='word_1_389' title='bbox 1078 2597 1186 2637; x_wconf 82' lang='lat' dir='ltr'>locus,</span> <span class='ocrx_word' id='word_1_390' title='bbox 1213 2604 1323 2637; x_wconf 79' lang='lat' dir='ltr'>actus,</span> <span class='ocrx_word' id='word_1_391' title='bbox 1349 2595 1518 2627; x_wconf 74' lang='lat' dir='ltr'>adventus</span> <span class='ocrx_word' id='word_1_392' title='bbox 1539 2593 1749 2635; x_wconf 76' lang='lat' dir='ltr'>declaravit&#39;‚</span> 
     </span>
     <span class='ocr_line' id='line_1_40' title="bbox 249 2643 1751 2694; baseline 0.001 -12"><span class='ocrx_word' id='word_1_393' title='bbox 249 2650 469 2683; x_wconf 80' lang='lat' dir='ltr'>scribendum</span> <span class='ocrx_word' id='word_1_394' title='bbox 489 2662 563 2683; x_wconf 87' lang='lat' dir='ltr'>esse</span> <span class='ocrx_word' id='word_1_395' title='bbox 590 2643 796 2683; x_wconf 55' lang='lat' dir='ltr'>‘declarabit</span> <span class='ocrx_word' id='word_1_396' title='bbox 823 2654 995 2684; x_wconf 80' lang='lat' dir='ltr'>concessit</span> <span class='ocrx_word' id='word_1_397' title='bbox 1019 2654 1081 2685; x_wconf 75' lang='lat' dir='ltr'>Rh.</span> <span class='ocrx_word' id='word_1_398' title='bbox 1100 2654 1188 2685; x_wconf 81' lang='lat' dir='ltr'>Mus.</span> <span class='ocrx_word' id='word_1_399' title='bbox 1216 2653 1302 2684; x_wconf 69' lang='lat' dir='ltr'>XXI</span> <span class='ocrx_word' id='word_1_400' title='bbox 1327 2664 1358 2694; x_wconf 92' lang='lat' dir='ltr'>p.</span> <span class='ocrx_word' id='word_1_401' title='bbox 1390 2656 1448 2683; x_wconf 84' lang='lat'>111</span> <span class='ocrx_word' id='word_1_402' title='bbox 1478 2653 1595 2684; x_wconf 86' lang='lat' dir='ltr'>adnot.</span> <span class='ocrx_word' id='word_1_403' title='bbox 1619 2656 1650 2685; x_wconf 79' lang='grc' dir='ltr'>ὁ,</span> <span class='ocrx_word' id='word_1_404' title='bbox 1697 2651 1751 2684; x_wconf 82' lang='lat' dir='ltr'>De</span> 
     </span>
     <span class='ocr_line' id='line_1_41' title="bbox 249 2707 1305 2750; baseline 0.003 -12"><span class='ocrx_word' id='word_1_405' title='bbox 249 2708 328 2739; x_wconf 77' lang='lat' dir='ltr'>aliis</span> <span class='ocrx_word' id='word_1_406' title='bbox 353 2707 521 2740; x_wconf 81' lang='lat' dir='ltr'>eiusmodi</span> <span class='ocrx_word' id='word_1_407' title='bbox 546 2708 631 2740; x_wconf 76' lang='lat' dir='ltr'>locis</span> <span class='ocrx_word' id='word_1_408' title='bbox 657 2709 869 2750; x_wconf 76' lang='lat' dir='ltr'>corrigendis</span> <span class='ocrx_word' id='word_1_409' title='bbox 895 2709 975 2741; x_wconf 80' lang='lat' dir='ltr'>vide</span> <span class='ocrx_word' id='word_1_410' title='bbox 1000 2709 1204 2742; x_wconf 74' lang='lat' dir='ltr'>Kettnerum</span> <span class='ocrx_word' id='word_1_411' title='bbox 1230 2710 1252 2741; x_wconf 93' lang='lat' dir='ltr'>l.</span> <span class='ocrx_word' id='word_1_412' title='bbox 1279 2721 1305 2741; x_wconf 79' lang='lat' dir='ltr'>e.</span> 
     </span>
    </p>
   </div>
  </div>
 </body>
</html>
