1833 3048
926 119 1119 176 *Q-

348 252 476 299 aliqua
496 262 542 289 ex
558 254 668 298 parte
698 262 743 288 ex
764 251 947 288 Varronis
976 250 1075 288 libro
1106 251 1213 289 nobis
1243 262 1316 289 non
1337 251 1481 290 tradito
1498 250 1651 291 fluxisse
1681 255 1783 292 inter

351 328 479 355 omnes
510 320 653 354 constet
683 315 749 362 (cf.
786 312 857 352 le.
891 312 1115 352 Mommsen
1145 318 1182 354 in
1216 318 1315 355 Mus.
1338 318 1459 356 Rhen.
1497 319 1542 355 15
1575 331 1611 366 p.
1647 321 1718 356 181
1745 324 1806 362 et,

350 378 524 420 Kectner
553 383 598 420 de
628 384 693 421 vit.
723 382 766 420 P.
798 383 843 421 R.
875 394 912 429 p.
949 382 1030 427 16).

265 446 475 499 *sirpare:
507 449 550 486 L.
574 449 618 486 L.
650 449 695 498 V,
723 450 796 486 137
829 444 973 487 'Falces
993 449 1194 496 sirpiculae
1215 453 1371 487 vocatae
1394 448 1441 486 ab
1466 449 1647 496 sirpando
1667 451 1706 488 id
1725 456 1782 488 est

349 515 395 553 ab
424 510 625 562 alligando’
668 519 706 552 et
734 516 824 554 ibid.
866 510 939 552 ‘Sic
967 516 1114 562 sirpata
1155 516 1255 553 dolia
1285 526 1435 562 quassa,
1477 527 1589 562 quom
1625 516 1782 564 alligata

347 581 419 624 his,
450 574 583 627 dicta';
615 581 659 627 V,
689 582 761 618 139
791 575 928 629 ‘sirpea
957 582 1055 628 quod
1077 582 1190 628 virgis
1220 582 1388 628 sirpatur
1418 582 1455 618 id
1486 586 1542 619 est
1569 582 1781 630 colligando

347 640 588 694 implicatur'.
637 647 745 693 Quod
775 647 929 684 verbum
960 647 1059 693 apud
1089 647 1274 694 homineS,
1307 649 1369 694 qui
1403 648 1583 685 Varronis
1612 652 1781 696 tempore

348 713 538 758 vivebant,
570 725 645 751 non
675 714 767 751 satis
798 718 926 750 notum
956 713 1070 750 fuisse
1100 724 1145 751 ex
1185 723 1230 750 eo
1257 714 1386 760 liquet,
1429 714 1527 760 quod
1566 714 1621 751 bis
1660 716 1779 752 inter-

346 781 598 828 pretationem
619 779 779 817 addidit.
826 779 987 816 Videtur
1013 780 1132 827 igitur
1151 781 1377 817 rusticorum
1406 779 1556 827 linguae
1585 782 1778 828 proprium

345 846 472 884 fuisse.
532 847 616 892 Ipse
647 845 769 883 Varro
806 845 936 883 eodem
975 845 1089 882 verbo
1128 848 1331 892 praeterea
1371 847 1490 884 utitur
1519 850 1588 884 sat.
1620 847 1666 885 fr.
1703 849 1777 884 116

345 914 410 959 (R.
445 914 532 960 124,
559 911 597 960 1)
629 903 755 958 ‘cupas
784 912 953 948 vinarias
985 912 1131 958 sirpare
1161 906 1259 949 noli'.

263 977 473 1016 varicare:
515 980 560 1016 L.
592 979 636 1016 L.
676 980 718 1024 V,
756 979 829 1014 117
869 972 1017 1014 ‘vallum
1203 978 1301 1024 quod
1345 989 1414 1015 ea.
1441 979 1614 1016 varicare
1662 990 1774 1017 nemo

346 1039 485 1092 posset'
517 1044 564 1082 ab
594 1044 779 1082 adiectivo
810 1040 976 1080 varicus
1006 1043 1156 1080 videtur
1186 1044 1398 1090 profect-um
1429 1055 1522 1091 esse,
1555 1046 1625 1083 nisi
1654 1047 1780 1092 potius

347 1111 383 1149 id
415 1111 462 1148 ab
484 1111 672 1149 adiectivo
704 1120 827 1147 varus
856 1109 989 1147 suffixo
1020 1108 1103 1157 -ic-,
1136 1111 1232 1147 sicut
1262 1106 1501 1147 claudicare
1541 1122 1563 1148 a
1591 1107 1779 1158 claudus,

351 1182 477 1215 ortum
508 1187 590 1214 esse
622 1187 761 1213 censes.
806 1176 910 1213 Idem
928 1178 1034 1213 extat
1053 1175 1180 1221 Quint.
1206 1178 1266 1218 11,
1299 1178 1334 1222 3,
1375 1177 1470 1223 1253
1502 1176 1668 1215 Cassiod.
1688 1177 1779 1215 Var.

346 1243 410 1288 VI,
444 1244 479 1279 6.
550 1242 718 1280 Verbum
765 1243 1013 1288 compositum
1065 1236 1336 1278 divaricandz'
1382 1246 1534 1290 praeter
1570 1244 1779 1282 Varronem

346 1307 409 1358 (R.
441 1308 485 1347 R.
517 1308 566 1354 ΙΙ,
590 1310 626 1351 5,
648 1307 689 1356 8)
721 1311 827 1346 extat
857 1319 917 1355 ap.
950 1307 1082 1346 Caton.
1114 1306 1160 1344 R.
1181 1307 1225 1345 R.
1248 1310 1312 1351 45,
1336 1310 1372 1346 3.

958 1410 979 1460 s
1010 1414 1074 1450 29.

371 1494 507 1533 Adhuc
538 1494 649 1532 omisi
679 1504 724 1531 ea
752 1493 870 1531 verba
900 1494 1195 1539 denominativa,
1233 1504 1328 1540 quae
1358 1495 1395 1531 in
1438 1494 1564 1532 satiris
1605 1495 1693 1532 solis
1723 1495 1778 1532 in-

262 1563 467 1600 veniuntur
498 1564 537 1598 et
566 1560 694 1609 aliqua
724 1571 769 1597 ex
799 1564 909 1606 parte
939 1560 1064 1605 specie
1094 1564 1173 1596 tam
1194 1561 1351 1607 antiqua
1378 1564 1417 1597 et
1437 1564 1626 1597 vetustate
1656 1560 1779 1598 obsita

262 1633 360 1677 sunt,
393 1632 433 1664 ut
456 1626 664 1664 Varronem
695 1627 732 1663 in
762 1627 807 1663 iis
827 1624 1048 1671 formandis,
1080 1627 1153 1662 nisi
1183 1627 1418 1672 exipsorum
1439 1627 1647 1673 priscorum
1670 1626 1777 1663 libris

263 1694 336 1732 sibi
365 1694 656 1741 deprompserit,
689 1692 825 1729 horum
867 1696 969 1729 certe
1005 1691 1185 1737 loquendi
1224 1702 1341 1738 genus
1379 1692 1549 1730 consulto
1589 1693 1779 1729 imitatum

262 1772 344 1798 esse
375 1764 553 1797 statuam.
613 1759 672 1796 Ad
705 1759 776 1795 hoc
804 1769 920 1806 genus
951 1761 1142 1804 spectant:

263 1821 648 1862 ³·‘ccdulescewt1'c17-z':
694 1828 764 1861 sat.
807 1824 852 1861 fr.
887 1827 964 1862 550
1004 1823 1069 1867 (R.
1102 1823 1194 1871 230,
1219 1823 1261 1868 ὁ)
1291 1817 1342 1859 'tu
1381 1823 1530 1868 quidem
1570 1826 1613 1859 ut
1650 1826 1779 1861 taceas

351 1903 500 1934 censeo,
537 1893 713 1938 quoniam
738 1896 780 1927 tu
820 1902 967 1938 quoque
1006 1890 1128 1928 adhuc
1169 1885 1490 1927 adulescentiaris'
1529 1890 1566 1926 h.
1598 1900 1632 1927 e.
1669 1900 1779 1927 more

345 1959 647 1996 adulescentium
686 1962 725 1994 te
765 1959 875 2005 geris.
930 1956 1043 1994 Cuius
1073 1956 1189 2002 verbi,
1231 1955 1329 2002 quod
1360 1957 1482 2002 ipsum
1512 1959 1666 2002 praeter
1695 1954 1731 1993 h.
1752 1956 1780 1992 l.

344 2035 417 2062 non
438 2024 589 2071 legitur,
612 2024 732 2060 simile
753 2023 862 2060 finxit
875 2023 1056 2061 Horatius
1075 2021 1197 2068 Epist.
1212 2021 1259 2064 II,
1285 2024 1319 2067 3,
1350 2023 1428 2058 246
1449 2016 1635 2058 ‘Faunine
1650 2049 1777 2060 ......

349 2092 503 2127 nimium
534 2092 673 2127 teneris
695 2091 921 2126 iuvenentur
942 2083 1134 2126 versibus’.
1165 2087 1213 2125 cf.
1247 2099 1421 2134 graecum
1451 2085 1777 2126 νεανιεύεσθαι.

262 2152 485 2207 *((Ᾰαίίανῑ)
515 2157 614 2202 quod
647 2156 803 2192 verbum
834 2156 935 2202 apud
964 2156 1080 2192 solum
1112 2156 1324 2193 Varronem
1355 2156 1544 2192 invenitur
1572 2156 1676 2192 nulla
1706 2156 1781 2192 alia

343 2223 465 2260 forma
496 2235 608 2269 quam
639 2227 739 2268 part.
771 2234 894 2268 praes.
925 2223 1110 2268 adhibita,
1144 2222 1246 2259 velut
1277 2225 1348 2258 sat.
1372 2221 1416 2257 fr.
1444 2223 1519 2258 119
1551 2223 1613 2266 (R.
1635 2220 1777 2268 133,4)

344 2284 442 2327 ‘nam
464 2289 558 2336 quae
575 2293 753 2326 venustas
776 2288 836 2325 hic
857 2289 964 2326 adest
980 2282 1219 2335 gallantibus'
1244 2292 1282 2324 et
1299 2291 1370 2325 sat.
1387 2287 1434 2324 fr.
1456 2288 1531 2323 150
1549 2287 1617 2332 (R.
1634 2288 1722 2333 132,
1737 2287 1779 2333 3)

346 2349 553 2401 ‘synodiam
596 2355 782 2401 gallantes
830 2355 934 2392 vario
972 2354 1199 2393 recinebant
1239 2349 1389 2391 studio'.
1454 2353 1621 2391 Ductum
1661 2358 1718 2392 est
1757 2364 1779 2391 a

347 2419 478 2467 Gallis,
511 2422 574 2467 qui
605 2421 643 2457 in
674 2421 858 2458 honorem
890 2420 1048 2467 Cybeles
1077 2418 1363 2457 bacchabantur
1392 2424 1430 2456 et
1461 2420 1676 2457 cantabant.

261 2481 501 2536 vulpinari:
538 2490 610 2524 sat.
639 2485 686 2523 fr.
720 2487 797 2522 327
830 2486 895 2535 (R.
931 2489 1019 2533 174,
1047 2486 1084 2534 1)
1124 2474 1332 2532 ‘vulpinare
1372 2486 1486 2523 modo
1527 2486 1565 2523 et
1594 2486 1778 2524 concursa

347 2552 543 2600 qualubet‚
577 2548 707 2599 erras',
739 2552 802 2590 ubi
824 2553 937 2590 Nonii
958 2553 1227 2599 interpretatio
1247 2552 1352 2589 verbi
1373 2552 1592 2599 vulpinandi
1612 2547 1782 2600 (dictum

350 2618 397 2655 ab
428 2620 577 2656 inrecto
608 2625 645 2656 et
679 2621 824 2656 intorto
846 2619 1011 2666 vulpium
1042 2613 1179 2665 cursu')
1210 2620 1319 2655 nimis
1347 2620 1517 2666 angustis
1539 2618 1673 2656 finibus
1694 2629 1784 2655 con-

355 2685 532 2731 cluditur,
566 2697 646 2722 eum
677 2686 829 2723 omnino
845 2685 965 2732 vulpis
986 2689 1145 2722 naturae
1166 2685 1305 2722 astutia
1326 2689 1440 2732 atque
1461 2685 1649 2723 calliditas
1669 2684 1784 2722 tribui

351 2751 511 2787 soleant.
570 2750 672 2787 Ideni
704 2751 856 2788 verbum
878 2755 983 2788 extat.
1003 2755 1201 2796 praeterea
1230 2752 1342 2796 Apul.
1375 2752 1467 2789 Met.
1501 2753 1537 2796 3,
1560 2752 1623 2797 22,
1646 2751 1738 2787 216,
