1833 3048
954 77 1006 112 40

312 221 386 247 non
416 214 503 247 ante
541 211 745 255 scriptores
785 220 883 246 saec.
916 209 972 245 111
1009 209 1200 254 reperitur
1243 213 1280 245 et
1322 209 1542 254 saepissime
1572 210 1610 244 in
1650 207 1748 245 Itala

313 279 351 312 et
381 275 557 321 Vulgata,
590 275 636 312 de
667 286 740 321 qua
769 285 809 311 re
841 272 886 310 cs.
921 269 1103 310 Roozsek
1134 287 1171 321 p.
1208 278 1294 312 111.

229 339 501 388 *ἱηυίίαόἷζίες
533 354 602 388 sat.
634 350 680 388 fr.
714 352 790 388 337
824 351 885 395 (R.
922 353 1010 395 175,
1043 348 1113 399 20)
1145 346 1347 390 ‘sermones
1383 345 1620 396 invitabiles',
1652 362 1748 396 quae

316 417 443 463 verba,
474 428 701 464 quamquam
731 419 767 454 in
799 417 1013 464 fragmento
1044 419 1302 464 inveniuntur,
1334 417 1435 464 quod
1474 427 1496 452 a
1527 416 1622 453 Gell.
1688 418 1747 463 13,

315 486 376 528 11,
419 485 442 519 4
487 494 660 520 sermone
699 484 762 530 qui
804 483 942 520 dicitur
981 482 1134 530 obliquo
1180 483 1356 526 traditur,
1398 486 1524 519 tamen
1567 481 1749 519 Varronis

309 550 424 595 ipsius
454 559 538 586 esse
567 549 755 586 videntur.
788 550 912 588 Gloss.
945 549 1063 586 Labb.
1096 544 1301 586 ‘invitabile
1332 538 1673 597 nyotpentcxo'v'.

228 613 558 677 *sifflze’ficabiliffl
590 627 635 664 L.
667 627 711 663 L.
744 627 807 671 VI,
853 628 902 663 52
942 621 1056 664 'fatur
1100 627 1144 673 is,
1186 628 1248 674 qui
1287 627 1448 674 primum
1492 625 1603 662 homo
1633 625 1747 672 signi-

308 691 494 729 ficabilem
524 703 589 729 ore
620 693 739 729 mittit
767 687 916 731 vocem'.

227 754 499 820 ἐξυιζςίΙαόἷίιζιςε
542 772 612 806 sat..
644 768 690 805 fr.
730 770 807 806 485
854 770 915 816 (R.
965 770 1054 814 217,
1097 770 1141 813 4)
1180 764 1222 805 ‘O
1269 770 1385 806 stulta
1425 769 1542 805 nostri
1580 769 1746 814 pectoris

309 835 486 872 dormitio
514 828 737 881 vigilabilis'.

937 889 957 937 ξ
995 893 1052 927 lo.

309 957 386 993 Iam
421 955 527 993 nobis
558 956 743 1003 agendum
774 961 832 993 est
862 956 908 993 de
938 957 1129 995 adiectivis
1159 959 1196 995 in
1235 954 1342 994 -aris
1372 960 1410 994 et
1449 952 1545 992 -alis
1576 956 1743 992 exeunti-

225 1024 307 1065 bus,
349 1023 394 1060 de
434 1033 590 1069 quorum
642 1024 788 1069 origine
838 1026 877 1059 et,
918 1023 1143 1061 formatione
1192 1024 1296 1069 prius
1334 1034 1456 1069 pauca
1499 1022 1743 1066 disseramus,

225 1100 350 1136 quam,
390 1099 576 1136 numquae
617 1099 747 1126 eorum
778 1089 959 1126 Varronis
988 1090 1142 1137 ingenio
1180 1089 1399 1134 debeantur,
1440 1087 1652 1126 accuratius
1682 1088 1740 1123 in-

225 1155 420 1201 dagemus
464 1155 610 1192 Primus
650 1158 775 1192 autem
823 1150 870 1191 O.
916 1150 1064 1191 Sclmlz
1106 1155 1274 1192 Gramm.
1316 1156 1401 1192 Lat.
1448 1165 1483 1200 p.
1534 1155 1622 1199 173,
1664 1156 1742 1189 tum

226 1217 318 1257 Pon
348 1222 393 1258 E.
426 1221 471 1258 F.
504 1221 573 1268 11¹,
608 1223 657 1258 97
701 1222 1057 1259 demonstraverunt
1095 1222 1189 1259 haec
1230 1221 1303 1258 duo
1345 1220 1492 1266 suffixa,
1532 1231 1614 1257 cnm
1645 1220 1743 1257 idem

225 1287 496 1335 significarent,
529 1299 575 1325 ex
605 1287 687 1335 lege
725 1288 887 1334 quadam
928 1287 1126 1325 differendi
1168 1290 1222 1326 ita
1267 1287 1451 1335 stirpibus
1482 1287 1672 1333 coniungi,
1703 1288 1745 1322 ut

227 1350 313 1389 aris
343 1363 412 1398 pro
443 1348 520 1388 alis
550 1354 608 1399 iis,
640 1354 677 1390 in
711 1354 845 1400 quibus
878 1350 891 1390 l
919 1355 1047 1392 littera
1088 1356 1242 1401 inesset,
1285 1354 1503 1396 adderetur,
1546 1353 1617 1390 nisi
1646 1352 1744 1389 duae

226 1419 393 1456 eiusdem
424 1419 594 1456 vocabuli
625 1415 640 1456 ἰ
668 1420 820 1457 litterae
850 1433 873 1455 ν
902 1420 1129 1467 interposita
1169 1421 1362 1457 seiunctae
1402 1423 1537 1467 essent,
1576 1418 1676 1455 velut
1704 1418 1742 1454 in

178 1518 190 1528 ,
217 1480 398 1535 floralis,
439 1481 617 1522 litoralis
652 1489 720 1525 aut
763 1488 915 1526 omnino
948 1483 962 1522 l
992 1488 1119 1535 stirpis
1163 1487 1333 1534 sequenti
1377 1486 1600 1523 consonanti
1639 1484 1743 1531 quasi

226 1554 328 1589 tecta
357 1553 415 1597 sit,
448 1552 551 1589 velut
579 1553 617 1589 in
647 1564 703 1590 vv.
726 1548 929 1603 fluvialis,
951 1549 1151 1603 pluvialis
1173 1557 1244 1590 etc.
1266 1552 1437 1590 Eandem
1456 1563 1535 1589 rem
1556 1553 1743 1588 retracta-

226 1621 362 1655 verunt
411 1613 581 1655 Corssen.
622 1616 689 1668 (K.
730 1618 773 1655 Β.
816 1620 910 1666 328)
955 1624 992 1656 et
1027 1616 1074 1657 L.
1122 1615 1264 1671 Meyer
1309 1616 1466 1666 (Verglfi
1506 1618 1674 1657 Gramm.
1711 1619 1742 1664 1,

226 1685 324 1729 2783
368 1686 404 1730 2,
447 1684 560 1728 575).
619 1684 715 1721 Mihi
755 1685 904 1732 quidem
946 1686 1092 1732 copiam
1143 1685 1413 1730 adiect-ivorum
1459 1683 1603 1722 suffixis
1645 1678 1744 1719 —alis

227 1754 264 1786 et
315 1747 423 1786 —aris
464 1749 785 1788 conformatorum
837 1751 1049 1789 conferenti
1102 1755 1208 1789 certo
1257 1752 1408 1789 videtur
1457 1755 1631 1789 constare
1669 1749 1744 1787 for-

225 1816 412 1853 mationes
442 1817 480 1853 in
522 1811 620 1852 -alz's
658 1817 768 1863 longe
808 1816 1086 1863 frequentiores
1127 1819 1251 1868 fuisse7
1294 1829 1417 1865 neque
1456 1828 1631 1864 umquam
1665 1816 1743 1853 fero

228 1879 404 1918 suffixum
445 1879 551 1918 -aris
590 1882 798 1920 adhibitum
843 1894 924 1922 esse
966 1885 1039 1921 nisi
1081 1885 1119 1921 in
1159 1886 1205 1922 iis
1244 1884 1445 1927 vocabulis,
1477 1886 1515 1921 in
1556 1882 1688 1930 quibus
1729 1878 1743 1918 ί

225 1947 355 1984 littera
393 1948 653 1994 praecederet.
707 1950 905 1996 Pel-pauca
941 1954 1087 1988 tantum
1128 1951 1313 1989 adieetiva
1358 1951 1537 1988 exhibent
1576 1948 1750 1986 suffixum

227 2010 316 2048 aris
346 2025 416 2059 pro
447 2010 531 2050 alis
562 2010 575 2050 ί
603 2015 733 2053 littera
762 2027 836 2053 non
866 2017 1132 2064 praecedente,
1166 2029 1284 2065 neque
1329 2017 1459 2055 dubito
1497 2017 1589 2053 haec
1627 2015 1753 2052 omnia

227 2081 393 2117 sermoni
423 2081 569 2128 vulgari
613 2082 671 2118 vel
711 2093 755 2119 ex
799 2088 908 2130 parte
948 2085 1100 2131 linguae
1141 2085 1359 2129 culinariae,
1399 2084 1448 2120 sit
1477 2082 1585 2120 venia
1614 2078 1748 2125 verbo,

231 2145 437 2192 vindicare,
484 2148 584 2185 velut
637 2146 795 2185 exim-is
850 2149 974 2187 Plaut.
1015 2149 1112 2188 Rud.
1159 2154 1192 2195 1,
1236 2152 1272 2193 2,
1317 2152 1367 2186 47
1421 2144 1520 2186 ‘aula
1569 2139 1746 2190 exta1·is’;

230 2209 414 2248 ‹facim-is
444 2213 551 2250 Paul.
582 2226 627 2251 ex
659 2215 762 2252 Fest.
796 2218 845 2252 57
876 2210 1057 2253 ‘caviares
1088 2210 1243 2254 hostiae'
1274 2208 1495 2257 (caviariae'
1518 2213 1750 2258 scripserunt

227 2279 305 2324 alii,
334 2279 398 2316 alii
417 2274 632 2326 ‘caulares'3
664 2292 743 2318 rem
774 2282 925 2319 dubiam
946 2293 1020 2320 non
1042 2276 1264 2328 discerno)';
1285 2277 1452 2331 secaris
1472 2279 1560 2316 Isid.
1583 2277 1684 2322 XVI,
1704 2278 1740 2321 4,

228 2345 264 2381 5.
298 2339 420 2382 ‘Hunc
452 2345 655 2392 (lapidem)
688 2348 817 2394 vulgus
846 2347 1013 2386 focarem
1035 2352 1183 2394 petra-m
1206 2342 1342 2392 vocat'3
1365 2340 1602 2397 coquinarie
1624 2343 1747 2383 Varro

227 2412 298 2446 sat.
358 2409 402 2447 fr.
465 2412 539 2448 197
600 2410 663 2457 (R.
724 2415 812 2460 141,
869 2412 905 2461 1)
956 2408 1090 2450 'cultro
1140 2406 1357 2459 coquinari',
1413 2421 1482 2458 pro
1540 2419 1611 2455 quo
1671 2401 1747 2444 ‘eo-

227 2470 408 2521 quinario'
469 2476 581 2514 scribi
642 2478 752 2515 iussit
798 2479 871 2515 iam
925 2474 1106 2530 Guyetus
1165 2483 1202 2516 et
1261 2479 1356 2515 idem
1406 2480 1443 2515 in
1499 2475 1610 2515 Nonii
1669 2473 1746 2511 edi-

228 2542 342 2587 tione,
376 2553 487 2588 quam
525 2544 672 2581 curavit
716 2539 965 2580 Hadrianus
1011 2541 1160 2582 luimus
1193 2544 1355 2593 (1565),
1398 2547 1435 2582 in
1478 2548 1649 2594 margine
1679 2543 1744 2579 ad-

229 2608 407 2652 scriptum
439 2612 509 2652 est,
543 2609 644 2654 quod
676 2609 774 2646 unde
806 2609 1007 2647 defluxerit
1038 2612 1175 2648 nescio.
1220 2610 1396 2649 Ceterum
1426 2611 1587 2651 formam
1619 2613 1745 2651 adiec-

230 2673 295 2708 tivi
335 2667 593 2719 'coquinarius'
643 2677 679 2712 in
720 2675 919 2713 verborum
964 2678 1073 2723 copia
1124 2688 1209 2714 vere
1261 2678 1428 2715 extitisse
1477 2679 1745 2726 comprobatur

229 2738 476 2786 inscriptione
506 2740 623 2778 libelli
655 2741 769 2780 Caelii
801 2741 924 2788 Apicii
958 2753 1054 2789 quae
1083 2746 1140 2780 est
1170 2738 1228 2781 ‘de
1257 2755 1299 2781 re
1319 2740 1547 2791 coquinaria'
1571 2746 1744 2790 (sirecte
