1833 3048
766 76 821 82 -..
883 56 1055 93 43-

259 252 356 293 Iam
403 262 497 293 cum
541 254 756 303 appareat
797 263 924 303 posse
971 250 1234 302 aliquotiens
1277 263 1414 303 aequo
1465 251 1557 293 fere
1602 251 1694 294 iure

140 324 369 373 utrumque
399 320 569 363 modum
610 320 710 374 poni
743 319 890 375 (prout
931 320 968 362 is
1001 320 1072 372 qui
1112 320 1218 362 dicit
1258 321 1525 363 sententiam
1564 334 1691 374 quam

139 390 397 445 pronuntiat
439 390 578 444 accipi
618 391 751 443 vult),
794 390 1075 433 inveniuntur
1116 391 1200 433 loci
1237 391 1409 444 quidam
1449 392 1602 444 quibus
1645 405 1692 434 re

139 474 246 505 vera
297 461 342 504 in
389 460 552 503 duobus
600 460 790 503 eiusdem
844 461 1152 514 propositionis
1199 461 1400 504 membris
1450 462 1531 504 duo
1578 462 1693 503 modi

139 531 293 586 scripti
325 531 414 573 sint
449 555 497 561 —-
534 542 794 583 quamquam
828 531 1030 574 cautione
1063 544 1168 585 opus
1201 535 1270 574 est
1302 532 1346 574 111
1378 532 1461 574 tali
1481 532 1693 574 libertate

140 601 400 652 statuenda,
435 601 636 653 quoniam
668 614 752 644 non
783 614 883 644 raro
917 615 1010 644 cum
1043 602 1377 655 deprehendisse
1417 602 1501 644 tibi
1531 602 1694 645 videris

139 672 276 715 talem
306 671 649 725 neglegentiam,
684 671 864 713 duarum
897 672 1216 714 sententiarum
1252 673 1380 725 plane
1413 672 1587 716 diversa
1626 676 1695 715 est

137 742 253 785 ratio
285 740 354 794 (O.
377 741 553 784 Mulleri
585 741 697 784 enim
730 741 971 794 opinionem
1004 743 1055 785 de
1088 743 1224 785 modis
1247 743 1303 785 ad
1325 742 1555 785 arbitrium
1576 742 1694 784 inter

138 825 185 856 se
217 812 438 854 mutandis
470 811 606 854 toties
641 812 911 866 castigatam
944 816 989 856 et
1029 813 1311 868 redargutam
1350 826 1583 866 recoquere
1620 813 1696 857 vix

138 883 363 936 quisquam
395 882 548 938 volet),
582 882 668 925 nisi
699 882 814 925 forte
846 883 927 926 duo
959 884 1037 926 illa
1069 885 1261 927 membra
1293 884 1345 927 de
1367 883 1520 937 quibus
1543 883 1693 938 agitur

138 953 312 996 omnino
345 966 429 995 non
462 953 665 1007 coniungi
697 953 816 996 licet.

253 1035 370 1078 Nam
413 1039 463 1078 ut
512 1036 567 1078 ab
617 1035 824 1078 extremis
871 1035 1096 1089 incipiam,
1145 1037 1281 1080 verba
1330 1049 1442 1089 quae
1489 1036 1695 1090 leguntur

136 1108 205 1153 VI
229 1112 280 1148 95
318 1105 562 1149 rectissime
584 1106 629 1148 111
652 1106 860 1161 Spengeli
889 1107 1080 1149 editione
1096 1107 1128 1161 1)
1157 1108 1218 1150 310
1247 1107 1490 1150 constituta
1515 1107 1692 1159 (rectius

136 1178 295 1220 dicam:
336 1176 568 1231 distincta)
607 1180 727 1219 sunt:
775 1178 831 1221 Icz
866 1179 1080 1233 inceptum
1117 1180 1236 1221 eredo
1275 1194 1368 1222 ciem
1405 1193 1496 1222 riori
1533 1180 1692 1222 adesset

136 1262 359 1302 accensu&
406 1253 443 1291 et
489 1249 601 1292 nihil
648 1249 854 1291 intererat
895 1250 966 1292 cui
1006 1249 1242 1303 imperaret.
1315 1248 1527 1291 Similiter
1576 1248 1693 1290 haud

135 1319 224 1361 scio
257 1331 313 1360 an
344 1330 398 1360 ne
429 1318 506 1360 III
531 1321 625 1370 9,ss
662 1317 832 1370 quidem
866 1319 973 1371 (Occi
991 1320 1122 1373 plena
1142 1321 1231 1364 sint
1252 1325 1375 1375 atque
1396 1321 1523 1363 utilia
1544 1334 1687 1373 necne,

135 1390 418 1434 animaene-ti·
449 1391 576 1433 aimit
606 1402 745 1443 posse,
785 1390 824 1432 si
861 1390 1078 1433 demiseris
1115 1391 1166 1434 in
1203 1403 1375 1444 ccqzicim,
1409 1391 1518 1444 quod
1554 1392 1688 1434 inane

134 1466 267 1514 natet,
300 1462 480 1515 plenum
517 1458 687 1513 desidit)
728 1459 914 1501 alterum
952 1460 1130 1502 verbum
1169 1473 1207 1511 q.
1243 1472 1279 1501 e.
1312 1460 1464 1504 desidit
1501 1472 1554 1501 ex
1593 1472 1689 1502 con-

134 1529 355 1572 iunctione
387 1532 498 1585 quod
518 1530 722 1582 pendeat,
757 1529 834 1572 sed
855 1530 990 1572 verba
1008 1532 1187 1584 plemam
1208 1532 1360 1574 desidit
1380 1530 1688 1583 propositionis

133 1600 431 1642 intercalatae
462 1600 607 1643 instar
639 1601 692 1641 ab
725 1599 818 1653 ipso
851 1599 924 1653 qui
956 1599 1063 1642 dicit
1095 1600 1327 1650 addantur,
1362 1612 1445 1642 non
1467 1600 1689 1653 proferan-

133 1674 223 1725 tur,
266 1675 316 1714 ut
360 1674 526 1721 cetera,
572 1684 625 1714 ex
666 1670 788 1725 vulgi
830 1670 1066 1714 sententia.
1139 1670 1288 1714 Aliter
1329 1670 1447 1713 Keil.
1491 1671 1536 1713 111
1578 1683 1688 1713 00111-

133 1742 363 1785 mentario.

133 1905 225 1937 mus,
253 1904 321 1938 ego
347 1894 505 1928 libenter
529 1893 651 1928 fateor
675 1903 732 1928 me
759 1893 953 1937 desperare
978 1903 1063 1927 num
1090 1893 1232 1927 omnino
1265 1894 1310 1927 ad
1344 1898 1482 1928 certum
1510 1893 1688 1937 quendam

132 1953 238 1988 finem
267 1952 431 1996 quaestio
457 1951 608 1996 produci
639 1951 772 1996 possit,
805 1962 921 1994 neque
952 1952 1030 1995 ipse
1056 1951 1182 1996 ignoro
1208 1952 1245 1986 111
1272 1952 1341 1995 013,
1375 1963 1466 1995 quae
1493 1963 1603 1996 supra
1629 1963 1689 1987 ex-

132 2012 255 2056 posita
281 2015 376 2053 sunt,
404 2011 500 2045 haud
526 2021 641 2055 pauca
667 2011 787 2045 inesse
815 2011 858 2046 de
886 2010 1014 2053 quibus
1041 2010 1259 2045 sententiam
1286 2021 1403 2046 meam
1422 2010 1586 2045 omnibus
1605 2021 1685 2054 pro-

132 2071 259 2105 batum
285 2069 331 2104 iri
358 2069 504 2104 minime
531 2069 719 2103 confidam.
761 2069 854 2103 Nam
873 2079 952 2103 cum
979 2074 1145 2104 scateant
1170 2069 1205 2103 hi
1232 2069 1315 2103 libri
1341 2069 1429 2104 locis
1456 2073 1582 2112 aperte
1610 2080 1685 2104 cor-

133 2129 252 2173 ruptis
279 2128 339 2172 (de
365 2139 394 2164 r.
421 2139 449 2164 r.
476 2128 579 2163 libris
607 2128 671 2163 cfr.
698 2128 792 2163 Keil.
823 2139 946 2163 comm.
975 2127 1020 2162 ad
1046 2128 1059 2161 Ι
1090 2129 1186 2171 2,12;
1213 2127 1256 2162 de
1282 2126 1385 2162 libris
1412 2127 1455 2162 de
1481 2127 1503 2162 l.
1532 2128 1552 2162 l.
1581 2128 1618 2163 C.
1646 2127 1686 2161 F.

132 2189 190 2223 W.
218 2188 351 2222 Miiller
376 2187 415 2221 in
442 2185 616 2221 Zeitschr.
644 2186 669 2221 f.
698 2187 909 2228 Gymnalv.
936 2186 1023 2220 X1X
1052 2187 1139 2221 1865
1166 2197 1197 2230 p.
1226 2187 1326 2229 869),
1358 2186 1452 2220 alius
1478 2186 1570 2221 alios
1596 2185 1685 2221 fines

136 2247 335 2281 constituet
377 2244 505 2288 quibus
536 2255 641 2279 usum
666 2244 932 2279 Varronianum
966 2245 1248 2280 circumscribat.
1301 2246 1401 2279 Nunc
1436 2249 1535 2280 certe
1571 2245 1613 2279 de
1638 2244 1684 2280 iis

135 2304 224 2339 locis
258 2304 496 2338 confidentius
530 2303 685 2337 iudicari
717 2307 855 2347 potest,
891 2303 1018 2346 quibus
1046 2303 1082 2338 O.
1111 2303 1150 2338 F.
1178 2303 1234 2338 W.
1262 2303 1395 2338 Miiller
1429 2303 1471 2337 de
1507 2303 1690 2346 scriptura

137 2363 299 2398 codicum
318 2362 355 2396 in
382 2361 600 2397 editionibus
628 2361 718 2396 satis
744 2367 915 2396 accurate
943 2372 1114 2406 expressa
1142 2361 1386 2396 dubitaverat,
1437 2362 1516 2406 Ego
1543 2361 1621 2405 ipse
1647 2362 1683 2396 in

134 2421 345 2456 universum
371 2420 459 2454 mihi
476 2420 603 2454 videor
627 2425 786 2454 nontam
806 2420 850 2454 ad
868 2420 974 2455 huius
994 2421 1211 2455 sententian]
1231 2420 1418 2463 inclinare,
1447 2420 1688 2455 elocutionem

137 2480 315 2514 Varronis
335 2489 439 2522 quam
458 2478 713 2522 politissimam
740 2478 884 2513 efficere
911 2479 1103 2522 studentis,
1131 2489 1236 2521 quam
1264 2479 1308 2512 ad
1337 2478 1530 2512 Schmalzii
1557 2479 1617 2521 qui
1634 2479 1686 2513 in-

136 2537 347 2579 dicativum,
373 2537 435 2571 ubi
460 2537 641 2579 tradatur,
667 2537 896 2572 retinendum
924 2548 1003 2572 esse
1030 2544 1163 2573 censet.
1208 2536 1431 2580 Quamquam
1451 2537 1532 2571 aliis
1552 2537 1692 2572 discer-

136 2596 292 2631 nendum
318 2595 524 2638 relinquere
552 2595 684 2638 debe0‚
710 2606 796 2630 num
822 2595 899 2640 ipse
926 2606 1065 2639 quoque
1092 2595 1244 2631 affectus
1272 2594 1337 2630 sim
1364 2595 1485 2630 morbo
1513 2595 1587 2638 illo,
1617 2605 1686 2638 quo

134 2655 196 2699 qui
229 2654 393 2694 laborat,
427 2653 598 2698 scriptori
624 2665 645 2688 a
672 2665 710 2689 se
743 2654 972 2698 potissimum
1005 2658 1166 2690 tractato
1203 2666 1306 2698 quam
1338 2655 1515 2699 plurimas
1549 2654 1685 2689 formas

130 2713 299 2748 notiones
327 2716 532 2747 structuras
559 2712 763 2758 singulares
789 2713 974 2748 vindicare
1000 2713 1111 2757 cupit.

257 2796 283 2840 1)
310 2794 442 2840 Speng.
471 2794 751 2839 explicationem
778 2795 886 2831 debet
911 2795 948 2830 C.
974 2795 1014 2831 F.
1034 2797 1090 2829 W.
1110 2795 1264 2829 Miillero
1291 2795 1351 2838 qui
1369 2795 1391 2829 1.
1410 2795 1432 2830 l.
1451 2806 1484 2839 p.
1503 2795 1570 2829 859
1589 2794 1683 2830 med.

134 2853 204 2888 ait:
234 2857 294 2898 „el
319 2853 549 2887 intererat
571 2853 644 2887 und
670 2858 709 2887 et
729 2853 911 2899 fiebant
935 2854 1015 2889 siud
1041 2854 1304 2897 Hauptsatze.“
