1787 3043
163 173 215 212 22
694 176 919 205 SUBSTANT.
957 175 1050 203 CAP.
1084 175 1151 202 111.

161 293 242 343 IV,
279 295 379 333 658:
416 291 486 330 boc
518 293 587 330 ubi
621 292 727 342 quod
760 304 876 327 suave
911 292 970 326 est
1003 290 1090 326 aliis
1123 289 1210 326 aliis
1242 290 1288 326 fit
1315 302 1504 335 amarum,
1537 289 1598 326 illi
1632 289 1694 325 cui

164 377 281 402 suave
315 367 386 408 est,
420 361 620 398 levissima
653 364 815 408 corpora
843 358 990 394 debent
1021 357 1364 394 contractabiliter
1391 357 1522 394 caulas
1546 357 1695 393 intrare

162 431 297 482 palati.
340 441 378 465 v.
397 427 492 465 553.
518 426 612 464 622.
639 423 970 474 Componuntur
993 436 1146 461 causae
1168 421 1408 475 particulae
1432 420 1617 475 quoniam
1651 445 1687 449 -—

163 496 247 535 boc.
291 493 371 543 IV,
407 493 533 533 1093:
567 507 665 544 quae
688 490 872 543 qnoniam
903 496 1029 530 certas
1057 496 1225 543 possunt
1253 493 1433 530 obsidere
1460 493 1598 543 partis,
1626 488 1698 528 Ῐιοσ

162 566 276 603 facile
300 565 482 614 expletur
503 563 667 599 laticum
689 564 928 610 frugumque
952 561 1109 610 cupido.

276 631 308 684 y)
338 628 564 680 Cognatus
589 630 655 665 est·
678 624 894 664 ablativus
912 624 1185 673 [ivs-zitationis,
1211 623 1283 677 qui
1307 623 1507 677 exprimit
1528 622 1696 663 rat-ione

163 695 343 737 alicuius
373 694 434 734 rei
463 694 612 733 habita
644 692 805 745 aliquid
838 692 921 731 dici
952 707 1094 745 posse,
1128 691 1191 732 ita
1216 696 1265 732 ut
1287 697 1475 745 ponatur
1495 706 1571 745 pro
1595 691 1699 744 quod

162 764 311 803 adtinet
333 763 387 802 ad
415 761 503 801 sive
527 761 737 800 secundum
763 766 972 812 sequente
997 759 1262 800 accusa-tivo.
1305 759 1370 809 II,
1396 761 1499 800 175:
1526 758 1696 798 omnibu)

161 831 276 871 rebus
297 847 440 883 magno
464 845 580 882 opere
603 845 623 868 a
644 845 735 868 vera-
756 832 856 881 lapsi
878 832 1031 868 ratione
1054 831 1253 868 Videntur.
1295 827 1378 877 VI,
1403 829 1506 868 909:
1532 832 1698 879 Magne-

162 906 249 939 tum
270 902 362 951 quia
382 902 426 937 fit
446 900 583 951 patriis
605 900 645 936 in
666 899 810 936 finibus
834 899 938 935 ortu.
964 895 1033 935 Sic
1048 895 1232 936 Lachm.
1247 910 1323 949 pro
1340 899 1464 935 ortus.
1488 893 1697 947 Impressi

162 966 256 1020 quia
278 965 349 1011 sia,
374 979 523 1018 parum
546 962 717 1002 Latine.
760 962 840 1013 IV,
868 965 944 1004 709
969 968 1072 1004 acria
1093 967 1192 1004 visu.
1234 978 1275 1003 V.
1302 964 1381 1004 728
1405 967 1539 1004 tenvia
1567 969 1694 1003 textu.

163 1033 218 1083 V,
245 1033 346 1073 273:
383 1036 451 1085 qui
479 1045 638 1083 empore
667 1035 747 1070 coto
785 1056 824 1059 —
861 1039 1052 1072 mutatur.
1095 1031 1132 1081 Ι,
1157 1033 1260 1072 432:
1297 1035 1404 1085 quod
1434 1035 1546 1084 quasi
1576 1034 1697 1072 tertia

162 1104 214 1141 sit
247 1113 407 1139 numero
441 1107 583 1140 natura
614 1106 782 1152 reperta.
825 1098 906 1149 VI,
936 1102 1041 1140 414:
1078 1107 1119 1140 at
1154 1106 1309 1154 saepest
1342 1113 1502 1138 vumera
1530 1103 1694 1139 factum.

162 1167 257 1207 Huc
280 1167 471 1220 pertinet
494 1167 622 1207 etiam
647 1166 847 1220 supinum
870 1166 913 1206 in
939 1183 959 1205 u
985 1167 1132 1207 exiens
1155 1168 1348 1221 pendens
1371 1168 1424 1207 ab
1449 1166 1693 1207 adiectivis.

162 1235 245 1284 IV,
275 1237 376 1275 889:
409 1241 448 1275 et
463 1235 642 1290 facilest
658 1235 800 1289 factu.
853 1235 922 1274 Sic
960 1235 1001 1274 in
1041 1235 1250 1288 quadrato
1281 1250 1402 1275 erasa
1428 1235 1591 1275 lineola
1620 1248 1696 1288 pro

149 1303 334 1357 sactum,
375 1303 520 1356 itaque
555 1302 774 1342 Antonius
808 1302 951 1343 Marii.
996 1303 1075 1353 VI,
1115 1305 1213 1344 778:
1258 1320 1395 1358 aspera
1433 1310 1577 1343 tractu.
1627 1301 1696 1342 Sic

163 1370 332 1410 Pollius
364 1371 476 1411 Phil.
504 1370 671 1420 XXVI,
696 1386 737 1424 p.
765 1372 844 1411 536
875 1386 950 1424 pro
981 1386 1045 1422 eo,
1078 1371 1191 1424 quod
1222 1371 1266 1411 in
1295 1371 1422 1412 codd.
1454 1376 1534 1421 est,
1568 1374 1694 1410 taem.

162 1453 203 1477 V.
232 1440 361 1478 1150:
393 1455 529 1492 aspera
556 1446 680 1479 tactu.
724 1438 793 1478 Sic
824 1444 1043 1480 corrector
1073 1439 1253 1493 oblongi
1276 1445 1319 1480 et
1342 1439 1591 1480 Macrobius
1619 1453 1696 1493 pro

162 1509 284 1546 taeta.

275 1576 311 1627 o)
335 1574 407 1615 Ad
429 1574 515 1614 abl.
539 1574 699 1613 habitus
720 1574 943 1627 pertinent
965 1575 1051 1615 abl.
1078 1575 1183 1615 modi
1207 1580 1250 1615 et
1272 1575 1504 1629 qualitatis.

276 1644 315 1695 α)
339 1646 430 1683 Abl.
454 1641 571 1681 modi.
615 1641 678 1691 H,
706 1645 811 1682 1059
835 1650 977 1696 sponte
1000 1661 1081 1694 sua,
1109 1644 1215 1683 item
1237 1643 1292 1693 V,
1318 1646 1399 1684 212
1423 1648 1467 1684 et
1490 1645 1586 1684 961.
1630 1643 1693 1693 II,

165 1712 292 1750 1092:
325 1727 395 1750 sua.
434 1733 473 1738 ——
513 1716 667 1763 sponte.
709 1736 748 1738 —
795 1710 833 1760 Ι,
860 1713 959 1751 123:
991 1715 1184 1765 quaedam
1213 1716 1423 1752 simulacra
1455 1711 1580 1752 modis
1613 1715 1696 1765 pal-

162 1781 286 1817 lentia
316 1777 440 1817 miri-s.
485 1793 524 1817 V.
552 1779 649 1817 155:
687 1786 726 1818 et
756 1793 830 1832 (μθ
861 1796 1040 1832 quaeque
1071 1781 1180 1819 modo
1210 1785 1321 1820 fiant.
1362 1795 1403 1819 V.
1435 1782 1537 1821 341:
1567 1783 1698 1820 multa

161 1844 287 1884 modis
316 1845 453 1884 nculfiis
477 1845 589 1884 varia
614 1845 772 1884 ratione
793 1852 941 1887 moveri
965 1852 1174 1888 cernimus.
1217 1848 1280 1898 H,
1306 1850 1407 1889 941:
1440 1852 1559 1889 modo
1581 1851 1696 1888 vitali

163 1911 240 1965 (sic
261 1917 378 1951 recte
403 1912 586 1952 Goebel.
612 1928 681 1966 qu.
707 1913 836 1954 Lucr.
859 1929 901 1968 p.
930 1918 1011 1968 15).
1056 1916 1145 1965 HI,
1173 1917 1250 1956 769
1281 1930 1405 1969 quove
1432 1917 1563 1963 modo,
1587 1915 1692 1956 item

164 1979 216 2029 V,
250 1981 312 2020 71.
345 1979 426 2029 IV,
460 1982 537 2020 165
571 1985 699 2021 modis
733 1986 883 2022 multis
928 1986 1103 2033 v.‚907:
1141 1988 1260 2024 Nunc
1293 1984 1435 2038 quillus
1468 1988 1537 2025 ille
1570 1984 1696 2023 modis

163 2064 321 2088 somnus
344 2064 413 2100 per
433 2052 609 2089 membra
631 2053 807 2102 quietem
830 2054 977 2103 inriget
1001 2058 1106 2091 cett.
1140 2067 1180 2092 V.
1208 2054 1331 2093 1181.
1359 2054 1467 2093 1220
1490 2056 1618 2093 modis
1646 2077 1688 2082 —-

163 2118 313 2155 multis.
355 2130 395 2155 V.
428 2118 557 2156 1263:
589 2125 627 2157 et
656 2118 796 2170 quibu->¹
826 2123 911 2172 ipsa
941 2120 1066 2159 modis
1094 2127 1292 2160 tractetur
1322 2124 1470 2161 blanda
1498 2124 1695 2174 voluptas.

165 2181 218 2231 V,
254 2183 303 2222 67
340 2186 383 2221 et
420 2184 492 2223 73:
537 2188 679 2237 quibus
719 2211 758 2214 —
799 2190 938 2228 modis.
993 2203 1033 2227 V.
1072 2189 1175 2229 187:
1223 2192 1352 2229 multa
1391 2189 1517 2228 modis
1557 2188 1697 2228 multis

164 2253 379 2302 primordia
400 2267 541 2291 rerum.
584 2251 746 2292 Eadem
768 2255 900 2294 verba
922 2255 1130 2308 leguntur
1151 2271 1192 2296 V.
1218 2259 1314 2297 422.
1360 2256 1440 2306 VI,
1466 2258 1545 2296 680
1567 2259 1696 2296 modis

165 2320 321 2369 quibu&
365 2317 401 2366 1,
429 2319 498 2358 77:
531 2323 644 2359 finita
674 2327 849 2373 potestas
873 2326 1044 2376 denique
1068 2328 1209 2377 cuique
1232 2340 1308 2379 qua
1332 2341 1424 2366 nam
1446 2329 1499 2365 sit
1520 2324 1693 2364 racione.

167 2398 206 2423 V.
243 2385 322 2424 108
357 2388 487 2437 aliqua
521 2391 686 2428 ratione.
736 2404 776 2429 v.
810 2392 911 2430 129:
949 2406 1024 2445 qua
1059 2396 1156 2432 fiant
1184 2393 1356 2433 ratione.
1400 2408 1441 2432 V.
1476 2395 1557 2434 154
1586 2396 1698 2432 nulla

167 2455 332 2491 ratione.
360 2467 400 2491 V.
419 2455 498 2493 280
522 2471 593 2494 nec
614 2455 772 2496 racione
792 2462 922 2498 fluunt
945 2459 1045 2499 alia.
1070 2474 1111 2499 v.
1130 2462 1210 2500 310
1234 2465 1345 2500 nulla
1366 2465 1532 2502 ratione.
1555 2475 1597 2500 V.
1614 2462 1695 2501 335

167 2524 211 2557 et
233 2520 314 2559 344
342 2523 452 2560 nulla
479 2525 644 2562 ratione.
686 2538 724 2562 v.
751 2526 829 2565 357
860 2530 942 2567 ulla
976 2553 1014 2556 -—
1050 2532 1217 2568 ratione.
1257 2543 1298 2568 V.
1323 2530 1404 2569 395
1434 2533 1507 2570 tali
1528 2532 1695 2570 ratione.

166 2600 207 2624 V.
232 2587 334 2626 513:
371 2604 442 2627 nec
464 2605 523 2629 res
545 2593 627 2629 ulla
649 2598 781 2643 potest
802 2606 894 2632 ‘vera
918 2595 1076 2634 ratione
1097 2599 1255 2649 probari
1283 2613 1446 2650 corpore
1478 2601 1596 2645 inane
1625 2613 1696 2637 suo

168 2657 293 2693 celare
316 2658 420 2697 cet-t.
444 2670 484 2694 V.
503 2657 602 2696 530:
627 2662 780 2699 ratione
802 2684 841 2689 -
863 2665 949 2702 alia.
974 2677 1015 2702 V.
1035 2665 1135 2703 549:
1161 2680 1232 2703 nec
1254 2664 1412 2704 ratione
1434 2670 1587 2718 queunt
1609 2663 1696 2704 alia

175 2745 212 2749 —
235 2737 294 2761 res
315 2737 505 2774 reparare.
541 2739 580 2763 V·
600 2727 678 2767 593
702 2730 832 2780 aliqua
858 2753 897 2757 —
923 2733 1089 2771 ratione.
1124 2746 1165 2770 V.
1183 2733 1277 2771 596.
1305 2747 1345 2772 V.
1370 2734 1470 2773 665:
1495 2736 1629 2786 aliqua
1647 2756 1689 2762 -—

167 2791 319 2828 ratione
355 2789 435 2843 (Sic
474 2791 635 2832 Pollius
675 2794 829 2834 Philol.
869 2797 1010 2847 XXV,
1047 2800 1164 2853 2271).
1209 2814 1248 2839 V.
1275 2801 1377 2840 918:
1422 2805 1495 2841 hac
1526 2804 1692 2842 ratione.
