1833 3048
748 72 1038 109 -.50-.

118 201 229 229 mmo
260 201 425 240 quoque.
486 187 554 229 De
585 185 710 228 huius
743 184 954 227 formulae
984 184 1160 227 notione
1193 196 1303 236 quae
1336 187 1381 226 et
1413 183 1528 236 apud
1562 182 1670 224 alios

119 262 166 301 et
208 258 322 311 apud
352 258 561 299 Plautum
603 268 688 298 non
731 268 828 297 raro
861 255 1025 309 legitur
1057 255 1175 308 (vide
1202 255 1336 308 lexx.)
1361 254 1434 296 cfr.
1458 253 1670 303 Ribbeck,

119 327 249 381 ‘part
283 325 376 370 lat?
411 341 448 380 p.
485 331 551 367 24.
606 326 756 369 Cicero
779 325 1001 368 rarissime
1024 338 1119 368 eam
1143 325 1332 375 admisit,
1368 324 1443 366 cfr.
1470 323 1671 367 Schmalz

121 399 178 441 ad
208 398 364 452 Reisig
393 396 594 442 ‘Vorles’
629 409 669 449 p.
705 400 786 437 840
822 397 920 438 adn.
957 400 1037 436 613
1052 397 1091 438 b.

240 469 311 511 Ex
353 467 414 510 eis
448 466 677 520 particulis
711 466 863 518 quibus
896 466 1111 508 interdum
1144 465 1308 519 altera,
1353 464 1473 507 cuius
1505 464 1572 507 vis
1605 466 1674 506 est

123 539 291 588 similis,
325 538 515 587 additur,
550 540 619 580 est
652 536 785 579 etiam
818 537 967 589 itaque.
1018 535 1289 590 Quamquam
1320 534 1536 577 nonnullis
1565 534 1672 577 locis

124 610 297 653 dubium
339 621 434 651 esse
465 607 650 661 pot-erit,
691 620 790 649 num
823 619 978 650 revera
1011 607 1155 648 altera
1186 619 1272 649 vox
1304 605 1506 648 abundet.
1558 605 1674 647 Nam

125 681 236 733 quod
280 679 444 733 legitur
485 679 509 721 Ι
549 682 645 731 2,19
691 678 840 730 Itaque
877 681 1098 730 propterea
1140 677 1379 718 institutum
1420 676 1583 718 diversa
1625 675 1674 717 de

123 764 252 793 eausa
270 754 316 791 ut
334 753 416 792 etc.
435 749 612 791 duorum
629 748 936 791 vocabulorum
958 748 1095 800 itaque
1117 750 1162 789 et
1168 751 1391 799 propterea
1402 760 1485 789 non
1498 758 1673 800 prorsus

125 821 275 864 eadem
309 820 428 863 notio
462 823 551 872 est,
591 819 668 861 sed
699 819 836 871 itaque
867 818 953 861 vim
987 817 1310 860 consecutivam
1344 817 1520 868 retinet,
1548 830 1673 870 prop-

126 896 236 934 terea
269 891 511 943 causalem;
548 890 687 942 itaque
719 889 773 931 ad
806 888 1115 931 antecedentia
1147 891 1193 930 te
1224 887 1428 941 remittit,
1455 891 1676 940 propterea

124 963 179 1005 ad
211 975 264 1004 ea
297 974 408 1014 quae
431 964 682 1013 sequuntur.
734 959 946 1002 Similiter
968 960 992 1002 Ι
1019 963 1133 1012 13,4;
1167 960 1218 1002 Π
1241 963 1332 1012 4‚5;
1365 959 1408 1003 V
1435 963 1513 999 112
1537 957 1674 1011 parti·

124 1033 222 1075 cula
264 1033 402 1084 itaque
441 1031 498 1074 ad
536 1034 677 1073 totam
716 1030 985 1073 sententiam
1023 1033 1198 1082 spectat
1232 1042 1412 1081 eamque
1445 1028 1671 1082 coniungit

123 1116 218 1146 cum
251 1115 302 1145 ea
335 1115 445 1155 quae
479 1101 721 1154 antecedit3
757 1104 911 1143 contra
942 1101 1078 1144 verba
1109 1114 1152 1142 eo
1186 1100 1360 1149 immine,
1394 1100 1440 1141 ob
1463 1113 1553 1141 eam
1575 1113 1673 1152 rem„

114 1181 283 1228 propter
319 1173 390 1214 hoe
428 1172 676 1215 arctissime
715 1184 808 1213 cum
850 1171 1069 1214 enuntiati
1100 1172 1231 1214 verbo
1264 1170 1387 1212 finito
1421 1171 1674 1222 cohaerent;

124 1244 224 1288 vide
256 1244 452 1287 Rossner
483 1241 551 1285 ‘de
583 1255 731 1296 praep.
767 1242 821 1284 ab
855 1242 907 1284 de
940 1254 993 1284 ex
1024 1253 1103 1283 usu
1135 1239 1274 1285 Varr.'
1311 1254 1350 1293 p.
1387 1244 1453 1282 25.

240 1315 340 1357 Una
380 1316 527 1356 autem
566 1312 749 1354 formula
786 1311 1099 1365 interpretibus
1140 1310 1364 1353 offensioni
1397 1311 1492 1353 fuit.
1543 1309 1677 1354 Certe

126 1384 359 1439 Spengelio
401 1384 553 1426 mirum
594 1383 770 1426 videtur
813 1383 925 1435 quod
967 1383 1009 1427 V
1054 1386 1106 1422 24
1149 1382 1328 1436 legitur:
1375 1382 1539 1423 Humor
1570 1381 1675 1422 hine.

123 1457 261 1508 itaque
302 1455 390 1496 ideo
431 1454 654 1496 Lucilius.
682 1486 703 1504 .,
749 1453 855 1495 adeo
894 1456 943 1496 ut
981 1452 1074 1506 ipse
1112 1453 1251 1494 locum
1290 1452 1542 1495 mutandum
1581 1463 1677 1494 esse

125 1529 318 1569 censeat.
372 1525 438 1567 At
472 1525 623 1567 eadem
655 1526 790 1568 verba
823 1524 974 1566 iuncta
996 1524 1201 1578 leguntur
1224 1523 1357 1565 etiam
1378 1524 1403 1565 Ι
1426 1527 1491 1576 8,7
1520 1522 1678 1578 (rimam

123 1611 207 1638 mm
238 1630 245 1637 .
273 1628 282 1638 .
312 1596 473 1648 quaerit
519 1609 691 1648 aquam,
740 1595 814 1636 sed
855 1595 988 1636 solem..
1058 1595 1208 1646 Itaque
1248 1594 1336 1635 ideo
1366 1625 1375 1635 .
1400 1627 1407 1633 .
1430 1593 1618 1646 primum
1658 1606 1678 1633 e

123 1668 243 1708 vinea
275 1667 321 1708 in
354 1667 519 1708 arbores
551 1666 732 1708 escendit
762 1666 873 1720 vitis)
907 1668 952 1707 et
983 1666 1008 1707 Ι
1034 1669 1127 1719 16,5
1153 1664 1218 1719 (Si
1241 1696 1249 1704 .
1276 1696 1283 1703 .
1308 1678 1333 1706 a
1362 1664 1494 1717 fundo
1516 1663 1678 1716 lonyius

123 1738 275 1778 absum}
307 1737 457 1789 oppida
490 1740 563 1777 ant
595 1737 685 1784 vici,
717 1736 859 1789 fabros
884 1739 1065 1788 param,
1100 1748 1199 1787 quos
1230 1735 1405 1776 habeant
1435 1735 1480 1775 in
1511 1734 1641 1774 villa.
1668 1764 1675 1772 .

125 1821 177 1849 'ne
208 1807 257 1849 de
286 1807 418 1860 fundo
437 1807 605 1860 familia
628 1807 678 1848 ab
700 1820 818 1859 opere
840 1806 1025 1847 discedat
1049 1836 1057 1844 .
1084 1836 1091 1844 .
1118 1836 1125 1844 .
1152 1837 1160 1846 .
1186 1805 1333 1858 Itaque
1359 1805 1447 1846 ideo
1473 1803 1680 1846 Sasernae

128 1878 227 1919 liber
251 1878 473 1932 praecipit,
507 1891 558 1919 we
590 1878 682 1930 quis
715 1878 762 1918 de
791 1877 923 1930 fundo
956 1879 1073 1917 exeat
1095 1878 1208 1927 eto).
1257 1875 1422 1930 Quibus
1444 1874 1550 1916 locis
1585 1887 1678 1916 cum

126 1948 200 1990 ille
234 1948 285 1990 de
319 1960 400 1999 quo
434 1948 608 1990 dubitat
641 1947 830 2001 Spengel
870 1947 981 1989 satis
1014 1946 1297 1999 defendatur,
1331 1959 1415 1988 non
1447 1944 1571 1988 video
1605 1957 1679 1986 cur

126 2031 211 2062 11011
242 2019 384 2072 possit
415 2019 589 2073 integer
620 2017 816 2070 relinqui.
872 2015 1076 2059 Ceterum
1110 2016 1161 2058 de
1195 2016 1406 2058 similibus
1438 2014 1679 2068 pleonasmi

127 2089 276 2132 formis
309 2089 385 2132 cfr.
420 2088 608 2143 Spengel
641 2088 693 2129 ad
725 2089 765 2129 11.
799 2088 825 2129 1.

245 2160 532 2202 Pleonasmus
571 2159 686 2201 haud
720 2158 846 2201 dubie
879 2160 1030 2200 exstat
1064 2156 1199 2200 etiam
1231 2157 1256 2199 I
1290 2161 1383 2205 27,1
1420 2156 1530 2198 Eius
1565 2156 1676 2211 (scil.

133 2230 256 2285 solis)
300 2244 449 2272 cursus
492 2230 660 2271 cmwalis
696 2229 884 2282 primum
923 2229 1029 2282 fere
1071 2228 1271 2269 circiter
1313 2228 1442 2268 term's
1472 2227 1681 2268 mensibus

130 2301 187 2342 ad
213 2302 380 2355 fruetus
412 2304 473 2342 est
505 2301 663 2342 divisus
694 2300 740 2341 in
771 2303 964 2352 quattuor
989 2299 1130 2351 partis
1158 2298 1269 2350 quod
1292 2310 1428 2352 genus
1460 2297 1680 2339 abundan-

132 2371 240 2414 tiam
273 2371 384 2413 alias
417 2384 502 2413 non
533 2370 694 2414 inveni.

249 2442 492 2484 Praeterea
526 2441 578 2483 de
612 2440 831 2484 adverbiis
863 2441 973 2483 haec
1005 2439 1208 2482 adnotari
1239 2438 1388 2482 velim:
1421 2439 1446 2481 I
1467 2439 1561 2491 123
1585 2437 1682 2479 item

131 2512 266 2554 eodem
282 2513 420 2563 mod0;
437 2513 488 2555 Π
509 2516 603 2565 1,22
621 2513 765 2553 statim
783 2512 872 2553 sine
889 2511 1121 2560 intervallo3
1141 2511 1216 2552 III
1236 2514 1302 2562 5,6
1325 2510 1371 2551 in
1387 2509 1544 2551 secluso
1562 2508 1679 2550 elam.

248 2582 357 2626 Cum
390 2583 523 2624 etiam
558 2582 673 2636 apud
705 2582 815 2624 alios
849 2585 1050 2623 auctores
1084 2579 1339 2633 saepissime
1371 2592 1440 2622 res
1473 2579 1518 2621 in
1552 2590 1681 2621 enun-

131 2653 247 2695 tiato
280 2653 533 2695 secundario
566 2653 741 2705 prolata
773 2652 817 2694 in
850 2651 1079 2694 enuntiato
1112 2650 1267 2703 prloris
1291 2650 1452 2692 ordinis
1475 2648 1681 2691 adverbio

139 2723 322 2775 quodam
361 2723 549 2766 similive
587 2723 798 2766 vocabulo
831 2721 1025 2766 breviter
1057 2720 1327 2774 significetur
1358 2720 1425 2771 (de
1459 2718 1681 2762 Ciceronis

132 2807 213 2836 usu
247 2792 324 2835 cfr.
358 2793 615 2835 Thielmann
647 2807 688 2846 p.
725 2797 805 2834 3612
840 2806 953 2845 sqq.;
987 2795 1218 2845 praeterea
1252 2789 1329 2834 cfr.
1354 2789 1555 2832 Schmalz
1578 2790 1601 2841 ξ
1627 2793 1678 2828 66

134 2884 189 2898 =
220 2876 261 2917 p.
297 2865 421 2916 574),
470 2875 554 2906 non
593 2875 738 2906 omnes
783 2875 855 2905 eos
897 2863 1013 2905 locos
1047 2861 1305 2904 enumerabo
1345 2859 1497 2912 quibus
1539 2859 1681 2904 Varro
