1833 3048
752 72 1039 108 —62-

123 187 253 229 datus
302 185 580 239 plurimorum
627 184 793 239 ellipsis
841 197 1045 239 generum
1090 184 1287 238 exempla
1326 196 1437 237 quae
1476 196 1509 227 e.
1548 197 1589 239 g.
1628 185 1673 227 in

123 256 344 300 Ciceronis
384 256 584 310 epistulis
624 256 925 306 inveniuntur,
965 255 1141 309 putabit
1180 255 1361 297 eundem
1398 254 1587 298 fructum
1627 268 1673 297 se

123 340 176 370 ex
219 327 433 371 Varronis
478 326 601 369 libris
642 330 965 380 percepturum,
1014 339 1113 380 spes
1157 338 1253 368 eum
1295 325 1443 379 fallet,
1492 338 1592 368 nam
1636 325 1674 368 si

127 410 289 452 genera
321 397 439 439 illius
471 397 709 441 brevitatis
742 397 1047 442 Varronianae
1079 396 1370 450 spectaveris‚
1404 407 1545 449 pauca
1578 408 1674 438 esse

127 467 336 511 invenies.
385 467 576 510 Maxime
607 480 710 510 vero
742 468 823 509 hoc
854 467 1131 520 premendum
1164 469 1233 509 est
1256 465 1506 509 Ciceronem
1529 478 1674 508 eorum

122 538 311 580 locorum
354 538 507 590 quibus
551 537 774 580 brevitate
815 537 859 579 in
893 537 1072 579 dicendo
1104 549 1206 579 usus
1239 539 1326 588 est,
1370 539 1448 578 aut
1479 536 1674 588 plurimis

125 612 203 651 aut
238 612 357 651 certe
384 608 612 661 permultis
647 611 746 650 arte
779 611 824 650 et
857 607 1034 650 consilio
1064 620 1159 649 eam
1192 606 1373 649 formam
1396 606 1676 659 usurpavisse

122 679 177 721 ad
211 679 455 733 augendam
487 678 823 731 uniuscuiusque
855 678 979 721 verbi
1011 678 1097 721 vim
1131 681 1263 730 atque
1287 689 1486 730 acumen3
1521 679 1675 719 contra

123 749 425 794 Varronianas
459 749 634 802 ellipses
667 748 757 792 fere
791 748 847 791 ad
878 761 1008 792 unam
1041 761 1186 791 omnes
1219 747 1481 791 derivandas
1505 759 1600 790 esse
1623 760 1677 790 ex

121 819 404 874 neglegentia
457 819 534 861 illa
589 832 673 871 qua
730 831 824 861 cum
870 819 915 861 in
961 818 1155 861 omnibus
1202 818 1325 860 libris
1374 817 1675 870 componendis

121 894 321 933 uteretur
343 891 501 943 Varro,
535 890 701 933 factum
734 892 803 932 est
834 893 883 932 ut
916 889 1125 932 sermonis
1149 888 1360 931 cotidiani
1382 900 1478 930 eam
1509 900 1675 941 quoque

126 960 480 1004 consuetudinem
513 961 627 1014 apud
649 961 892 1007 Varronem
926 959 1197 1003 inveniamus
1220 959 1264 1001 in
1288 971 1371 1011 qua
1395 958 1674 1001 audientibus

124 1044 211 1074 non
256 1044 356 1074 raro
405 1032 618 1084 quaedam
668 1030 908 1084 supplenda
946 1030 1266 1084 relinquuntur3
1316 1029 1391 1072 cfr.
1434 1029 1672 1084 Segebade,

122 1101 240 1145 Diss.
274 1101 380 1144 Hal.
412 1102 482 1148 IV
515 1106 611 1143 298.

243 1171 329 1216 Sed
361 1172 534 1228 singula
566 1172 803 1217 videamus.

836 1302 859 1355 g
894 1305 961 1342 44.

242 1383 393 1437 Atque
410 1384 590 1438 primum
606 1384 776 1437 quidem
789 1383 833 1427 in
845 1383 968 1427 libris
985 1396 1128 1427 rerum
1143 1383 1405 1427 rusticarum
1420 1381 1674 1436 saepissime

123 1455 246 1499 verbi
288 1455 402 1498 finiti
433 1468 618 1509 persona
650 1455 787 1497 tertia
819 1455 885 1497 ita
917 1454 1063 1509 posita
1096 1458 1164 1497 est
1202 1457 1252 1497 ut
1285 1453 1527 1496 subiectum
1561 1452 1675 1495 desit

124 1526 217 1570 sive
251 1527 402 1569 deesse
435 1526 657 1579 videatur3
693 1526 887 1569 omnibus
921 1529 1068 1568 autem
1100 1525 1191 1567 fere
1223 1524 1277 1567 iis
1309 1524 1414 1566 locis
1451 1523 1599 1578 agitur
1621 1523 1673 1565 de

124 1610 172 1640 eo
207 1598 258 1640 de
291 1610 372 1651 quo
407 1597 576 1639 omnino
608 1597 653 1639 hi
684 1597 785 1639 libri
817 1597 970 1650 scripti
1003 1600 1116 1648 sunt,
1152 1595 1204 1637 de
1227 1594 1422 1649 agricola
1445 1607 1479 1636 s.
1504 1593 1672 1636 domino

122 1668 270 1712 villae.
329 1668 516 1710 Prorsus
558 1667 671 1710 idem
714 1667 861 1710 omissi
903 1665 1090 1710 subiecti
1131 1678 1233 1709 usus
1275 1665 1320 1708 in
1362 1665 1531 1719 legibus
1573 1665 1675 1707 XII

123 1739 372 1781 tabularum
410 1740 666 1792 conspicuus
707 1741 794 1791 est3
834 1737 910 1780 cfr.
952 1738 1003 1779 R.
1039 1736 1184 1779 Scholl
1222 1735 1266 1778 in
1305 1735 1495 1778 editione
1532 1749 1569 1788 p.
1606 1738 1672 1776 73.

123 1809 338 1853 Varronis
386 1809 584 1861 exempla
630 1808 718 1850 iam
763 1808 882 1851 Keil.
933 1806 1168 1860 adscripsit
1215 1806 1271 1848 ad
1317 1807 1340 1847 I
1388 1809 1497 1858 2,21.
1570 1806 1674 1858 Ipse

125 1892 254 1922 unum
287 1880 426 1922 locum
460 1880 703 1922 exscribam
737 1892 818 1932 quo
851 1879 907 1921 ad
940 1878 1182 1920 subiectum
1214 1879 1359 1919 mente
1392 1877 1671 1930 supplendum

123 1953 299 2003 spectat
338 1963 570 2004 pronomen
608 1950 903 2004 possessivum
934 1950 959 1991 I
1000 1953 1049 1989 21
1084 1949 1132 1992 Se?
1167 1954 1297 2004 prata
1335 1954 1436 1992 sum
1470 1978 1509 1987 ·.
1543 1963 1677 2002 neque

120 2037 246 2076 pectus
278 2023 440 2075 hahet,
474 2023 617 2066 (landa
640 2037 764 2077 opem
788 2027 834 2065 uz‘
855 2022 1044 2065 aliemmz
1065 2035 1195 2075 pecus
1216 2021 1266 2063 in
1298 2035 1385 2062 v<⁴200
1416 2020 1552 2074 fundo
1577 2034 1676 2074 pas-

123 2098 188 2136 cat
219 2109 267 2136 ae
299 2094 485 2136 stabulet.

240 2162 448 2204 Eiusdem
489 2161 682 2216 generis,
728 2161 813 2204 etsi
855 2161 1000 2215 paullo
1045 2160 1233 2213 diversa,
1279 2163 1347 2202 est
1390 2172 1442 2202 ea
1481 2158 1677 2201 brevitas

125 2245 235 2284 quae
268 2232 651 2286 grammaticorum
684 2231 956 2284 potissimum
985 2231 1054 2274 vel
1086 2231 1434 2283 philosophorum
1468 2228 1676 2271 sermonis

122 2302 298 2345 videtur
330 2302 500 2356 propria
533 2315 630 2345 esse
669 2302 741 2354 qui
778 2302 823 2344 in
863 2301 1097 2344 sententiis
1138 2301 1194 2342 ad
1226 2301 1452 2344 universos
1486 2298 1677 2341 homines

125 2385 260 2425 aeque
302 2372 606 2426 spectantibus
647 2371 739 2425 (cfr.
780 2372 966 2414 Kiihner
1003 2384 1043 2424 p.
1084 2372 1126 2424 4)
1165 2370 1287 2414 verbi
1324 2383 1499 2413 numero
1532 2369 1676 2422 singu-

122 2443 208 2485 lari
258 2443 326 2485 usi
373 2442 609 2495 quemlibet
655 2441 868 2484 hominem
916 2440 1103 2484 subiecti
1143 2441 1236 2483 loco
1279 2440 1470 2494 intelligi
1510 2439 1677 2482 volunt.

123 2513 219 2567 Ego
264 2515 384 2555 certe
426 2512 639 2554 contendo
681 2513 759 2554 hos
803 2511 1017 2557 Varronis
1060 2511 1177 2553 locos
1222 2510 1306 2552 tali
1348 2510 1520 2552 ratione
1565 2509 1677 2551 acci-

126 2583 305 2636 piendos
339 2594 434 2624 esse
466 2582 535 2627 VI
569 2585 620 2622 73
653 2583 801 2626 Etiam
831 2583 932 2638 Spes
963 2597 989 2625 α
1020 2587 1164 2636 sponte
1187 2586 1323 2636 potest
1354 2596 1438 2624 esse
1468 2581 1679 2625 declinata

125 2655 234 2709 quod
265 2658 353 2696 tum
386 2658 554 2708 sperat
585 2668 679 2696 omn
717 2654 826 2707 quod
862 2653 943 2694 volt
974 2652 1079 2706 fieri
1109 2655 1258 2706 putat:
1299 2665 1402 2694 ‘nam
1441 2652 1548 2705 quod
1588 2665 1678 2693 non

127 2725 210 2767 volt
241 2724 279 2766 si
304 2728 442 2777 putat,
475 2724 636 2776 metuit,
669 2737 759 2766 non
790 2726 928 2777 sperat
961 2723 1006 2762 et
1033 2720 1102 2765 VI
1138 2723 1187 2760 77
1224 2753 1230 2759 .
1256 2751 1263 2760 .
1289 2753 1297 2761 .
1324 2725 1498 2775 propter
1529 2721 1677 2763 simili-

128 2795 321 2837 mdinem
352 2794 505 2848 ayenda‘
537 2798 574 2836 et
604 2793 794 2848 faciendi
827 2797 862 2835 et-
890 2792 1066 2847 9erencli
1107 2792 1279 2845 quidemn
1311 2805 1429 2833 error
1462 2820 1470 2828 .
1503 2820 1510 2829 .
1543 2822 1551 2831 .
1583 2791 1677 2833 Po-

126 2870 219 2909 test
261 2864 375 2909 enim
416 2863 579 2918 aliquid
619 2865 757 2918 faeere
800 2867 835 2905 et
877 2877 967 2906 non
1009 2876 1129 2918 apere
1167 2864 1249 2903 ete.
1313 2859 1552 2912 Utriusque
1593 2859 1678 2902 loci
