1787 3043
1538 81 1586 119 15>

535 227 570 259 2.
618 225 887 260 Accusativus
912 227 1062 261 obiecti
1088 227 1256 261 externi.

540 317 588 357 A.
654 316 880 368 Nimplm·
912 317 1253 358 a‹·‹·n.‹a.tia-a.‹.

287 408 371 448 Iam
406 408 585 448 diximus
618 407 842 449 verborum
876 409 1116 459 latinorum,
1150 421 1410 461 quamquam
1444 408 1529 449 sere
1551 421 1643 448 om-

154 476 222 516 nia
265 480 305 516 et
352 476 614 516 intransitive
647 480 687 516 et
718 477 937 516 transitivo
970 477 1069 528 poni
1100 477 1277 528 possint.
1310 477 1393 516 alia
1424 476 1645 516 transitiva

154 543 205 593 vi,
251 544 333 584 alia
371 544 637 584 intransitiva
669 543 755 584 fere
788 557 957 596 semper
988 557 1226 594 occurrere,
1260 545 1341 585 alia
1373 549 1413 585 et
1444 544 1643 584 intransi-

155 612 235 651 tive
281 616 321 652 et
367 612 584 652 transitive
621 613 825 664 usurpari.
887 611 969 653 Sed
1001 624 1025 652 a
1059 613 1223 653 solutae
1255 613 1460 653 orationis
1491 612 1645 664 regulis

153 693 250 720 cum
282 692 410 732 saepe
440 680 615 721 recedat
646 692 786 721 sermo
819 685 1057 732 poetarum,
1091 693 1178 721 non
1211 685 1274 721 est
1306 681 1542 720 mirandum
1563 680 1644 720 Lu-

154 748 328 788 cretium
363 760 532 800 quoque
563 748 692 789 libere
723 749 934 789 interdum
968 749 1010 788 in
1042 748 1181 789 verbis
1213 748 1463 789 adhibendis
1495 749 1642 800 egisse,

154 816 193 856 id
225 817 338 868 quod
370 817 571 868 exemplis
603 817 738 857 allatis
771 829 899 870 spero
933 816 1022 857 sore
1055 822 1100 857 ut
1131 818 1307 858 eluceat.

290 885 447 925 Verum
478 885 609 926 verba
638 886 860 926 transitiva
892 897 1001 937 quae
1032 885 1157 936 vulgo
1190 885 1387 925 dicuntur
1410 897 1493 936 quo
1518 884 1644 924 modo

154 953 266 1004 apud
298 953 537 993 Lucretium
570 966 665 994 cum
699 953 954 994 accusativis
988 952 1141 993 obiecti
1173 953 1486 1004 coniungantur
1517 964 1645 992 accu-

154 1025 244 1061 rate
290 1022 547 1072 perscrutari
593 1021 789 1073 equidem
836 1034 1010 1073 prorsus
1057 1021 1329 1073 supersedeo,
1370 1033 1465 1061 cum
1499 1020 1646 1060 infiniti

155 1089 206 1128 sit
252 1089 391 1140 operis
423 1101 560 1141 neque
608 1089 741 1129 multa
786 1089 1063 1129 adnotatione
1110 1089 1236 1140 digna
1280 1089 1377 1129 inde
1407 1088 1646 1129 redundare

155 1157 254 1197 mihi
300 1170 548 1209 persvasum
595 1158 658 1197 sit.
719 1156 802 1198 Sed
840 1157 1011 1209 dignum
1044 1162 1108 1198 est
1139 1157 1253 1209 quod
1286 1161 1647 1197 commemoretur

154 1237 179 1265 a
226 1225 417 1266 Lucretio
464 1226 596 1266 multa
627 1226 750 1266 huius
781 1226 948 1277 generis
980 1225 1111 1266 verba
1142 1225 1255 1265 nullo
1288 1225 1538 1266 accusativo
1571 1225 1645 1265 ad-

155 1293 253 1344 dito,
302 1294 551 1345 praesertim
598 1293 669 1334 ubi
714 1306 765 1334 ex
802 1294 1153 1334 antecedentibus
1185 1293 1458 1334 accusativus
1490 1292 1644 1333 subau-

154 1361 229 1400 diri
261 1366 412 1413 potest,
447 1362 639 1403 absolute
672 1367 877 1414 usurpata
907 1352 1012 1402 esse.
1072 1362 1188 1402 Haec
1220 1374 1317 1402 cum
1351 1360 1444 1401 aliis
1478 1373 1646 1413 quoque

153 1430 431 1481 scriptoribus
462 1431 679 1483 proprium
711 1432 775 1481 sit,
808 1436 853 1471 ut
887 1431 977 1471 aliis
1006 1430 1498 1481 tractandarelinquam,
1530 1441 1581 1470 ea
1602 1442 1647 1470 re

153 1504 395 1538 commotus
441 1512 547 1549 sum,
595 1499 708 1551 quod
748 1500 828 1539 iam
867 1498 1071 1539 Meissner
1103 1497 1193 1539 fuse
1226 1498 1276 1538 de
1310 1498 1373 1538 his
1404 1497 1532 1538 rebus
1564 1498 1646 1549 egit

153 1579 191 1617 p.
224 1568 277 1607 59
311 1579 400 1618 sqq.

289 1633 348 1674 De
380 1634 532 1674 ceteris
564 1633 704 1674 verbis
736 1634 948 1674 disserens
980 1635 1162 1686 primum
1181 1646 1231 1675 ea
1249 1633 1516 1685 examinabo,
1539 1646 1647 1686 quae

156 1703 348 1753 quamvis
393 1703 562 1754 saepius
608 1703 662 1742 ad
692 1702 1000 1743 intransitivam
1045 1703 1262 1743 notionem
1295 1703 1510 1753 inclinent,
1543 1714 1647 1742 non-

156 1782 387 1821 numquam
419 1771 713 1811 accusativum
746 1770 899 1811 obiecti
931 1770 1009 1810 sibi
1040 1771 1283 1821 adsumunt,
1307 1771 1457 1810 deinde
1481 1782 1531 1811 ea
1552 1782 1647 1822 per—

155 1849 321 1889 sequar,
369 1829 498 1890 quae,
538 1851 633 1879 cum
680 1839 929 1891 plerumque
975 1839 1194 1880 transitivo
1242 1843 1511 1890 usurpentur,
1546 1839 1648 1879 alias

153 1907 418 1948 intransitiva
451 1908 487 1947 vi
521 1908 712 1960 praedita
744 1912 923 1948 exstant.

645 2066 677 2089 a.
727 2055 859 2089 Verba
884 2055 1159 2089 intransitiva.

291 2137 344 2175 a¹.
382 2134 545 2175 Verba
575 2136 820 2187 simplicia
853 2140 899 2176 et
931 2148 1037 2176 cum
1072 2136 1141 2176 eis
1174 2135 1468 2187 composita.

291 2222 329 2244 α.
361 2202 502 2243 Verba
533 2208 688 2244 motus.

291 2270 476 2311 Primum
515 2272 718 2312 nonnulla
749 2284 845 2312 cum
879 2272 1125 2312 accusativo
1158 2272 1474 2323 coniunguntur
1506 2270 1647 2321 verba,

156 2350 264 2390 quae
296 2344 460 2380 motum
493 2340 692 2380 indicant.
739 2340 769 2379 E
816 2338 1104 2391 compluribus
1136 2340 1252 2389 locis,
1287 2351 1394 2390 quos
1418 2351 1544 2379 cruce
1567 2338 1649 2390 sig-

154 2405 279 2457 nabo,
328 2412 503 2459 apparet
551 2408 591 2447 in
628 2408 805 2448 Lucretii
839 2420 1008 2459 quoque
1041 2420 1239 2447 sermone
1272 2419 1399 2458 quam
1433 2418 1565 2458 prope
1597 2406 1649 2446 ad

154 2475 332 2516 localem
366 2476 571 2527 originem
604 2476 816 2516 accedant
848 2476 917 2527 qui
949 2479 1158 2515 vocantur
1179 2475 1583 2515 accusativiobiccti
1604 2474 1647 2526 ¹).

290 2546 431 2583 cedere
472 2543 507 2583 V
539 2545 618 2584 987
653 2543 863 2584 (wdwlmnf
893 2567 898 2572 -
923 2545 1133 2594 stam‘nfes
1155 2541 1566 2593 Hoxpifilmssam-ix
1585 2541 1649 2582 in-

290 2690 315 2730 15.
343 2688 404 2722 Cfr
431 2689 635 2722 Hertzius
663 2700 718 2732 pp.
745 2690 785 2722 4?
814 2700 864 2731 sq.
892 2694 925 2722 et
952 2691 993 2720 55
1020 2700 1069 2731 sq.
