1833 3048
790 68 1078 105 -45-

154 183 210 225 ad
232 194 386 224 nomen
408 181 576 235 plurale
606 183 781 234 spectat
810 184 887 223 aut
915 184 1068 224 contra
1090 181 1144 235 1);
1175 181 1250 223 cfr.
1274 180 1440 224 Holtze
1462 181 1487 223 I
1509 183 1591 221 385
1616 193 1702 233 ex.;

154 265 187 295 e.
221 266 261 306 g.
295 253 321 295 Ι
354 255 449 305 2,17
492 253 664 296 colonus
694 287 702 296 .
728 287 736 296 .
763 287 770 295 .
800 267 854 297 ‘ne
893 267 1023 306 capra
1059 258 1211 297 natum
1235 257 1402 307 pascat,
1436 268 1542 307 quas
1580 253 1705 296 etiam

153 325 380 380 asto-oloyia
425 324 474 366 iu
521 324 679 366 caelum
721 324 874 378 recepit
916 322 989 374 qui
1028 322 1147 364 locus
1191 321 1376 364 conferri
1417 325 1567 374 potest
1610 333 1705 364 cum

157 392 381 436 Ciceronis
413 392 559 435 verbis
592 393 659 445 (de
692 392 784 434 Fin.
816 393 858 437 V
884 396 1028 445 31,94)
1049 394 1134 437 Hic
1154 395 1192 437 si
1211 393 1520 448 Peripateticus
1540 394 1703 449 fuisset,

147 465 453 519 permansisset
494 465 614 507 credo
659 465 706 507 in
747 465 982 516 sententia,-
1023 465 1108 515 qui
1149 465 1330 507 dolorem
1366 464 1526 507 malum
1555 464 1706 508 dicunt

151 550 237 578 esse
269 533 343 575 ubi
373 532 473 576 vide
505 533 651 575 Madv.
684 532 789 575 Alia
822 533 1019 586 exempla
1041 533 1320 578 Varroniana
1352 533 1569 575 adnotata
1600 535 1704 575 sunt

153 616 180 645 a
212 602 361 645 Keilio
394 603 450 644 ad
481 603 506 644 Ι
539 607 650 654 31,4.
710 604 764 645 In
797 603 859 645 eis
893 616 1004 655 quae
1037 603 1242 657 leguntur
1272 604 1349 646 III
1382 607 1481 656 9,14
1514 619 1567 648 ne
1598 617 1704 656 quae

150 690 322 731 serpeus
368 676 552 729 accedat,
600 688 783 726 quarum
830 676 1056 718 bestiarmn
1097 690 1148 718 θα)
1189 676 1311 718 odore
1352 675 1486 718 solent
1525 676 1704 719 interire

150 744 300 787 addito
342 744 554 787 vocabulo
600 757 638 796 q.
680 757 715 786 e.
756 747 984 789 bestiarum
1027 744 1135 787 dura
1172 746 1397 787 structura
1437 743 1549 787 satis
1587 743 1702 786 miti-

182 818 260 858 ata
293 818 372 857 est.

151 828 179 869 g
269 884 438 929 Similia
477 887 579 927 sunt
611 897 664 926 ea
696 885 892 935 exempla
924 887 969 927 et
1001 884 1046 927 in
1077 884 1200 927 libris
1235 885 1287 928 de
1318 886 1345 927 l.
1379 885 1407 927 1.
1442 888 1488 928 et
1519 885 1565 927 in
1596 898 1631 927 r.
1665 899 1698 927 r.

147 955 272 998 libris
311 955 560 1007 frequentia
593 954 684 1008 (cfr.
719 955 926 1009 Spengeli
957 955 1093 1008 praef.
1127 968 1165 1008 p.
1197 956 1384 1001 LXVII
1416 959 1461 998 et
1492 955 1612 998 Keil.
1647 955 1704 998 ad

149 1027 175 1070 Ι
211 1030 305 1079 17,3
350 1026 423 1068 ubi
465 1026 568 1068 addi
609 1028 758 1079 potest
799 1026 875 1068 ΙΙΙ
912 1030 1007 1079 12,1
1053 1027 1105 1070 L.
1139 1028 1298 1071 dicitur
1328 1028 1476 1071 habere
1507 1029 1558 1071 in
1597 1027 1701 1071 Tar-

150 1099 371 1151 quiniensi
402 1103 545 1153 saepta
576 1099 725 1153 iugera
756 1099 1054 1154 quadrayz‘ozta,
1088 1099 1138 1142 in
1168 1111 1248 1149 quo
1276 1103 1379 1142 suut
1405 1099 1575 1142 inclusa
1596 1096 1702 1151 etc.)

154 1167 308 1220 quibus
340 1166 524 1209 formula
556 1170 606 1212 m
637 1184 717 1223 quo
748 1167 938 1228 refertur
962 1168 1017 1224 ad
1039 1167 1235 1218 nominis⁴
1247 1179 1467 1210 numerum
1489 1167 1701 1220 pluralem

149 1242 227 1281 aut
259 1264 313 1270 —-—
345 1239 426 1280 hoc
474 1238 586 1280 enim
629 1238 873 1281 addendum
914 1226 1097 1292 propte?
1135 1239 1177 1284 V
1223 1243 1273 1279 16
1316 1225 1424 1282 Asia
1464 1251 1570 1290 quae
1611 1253 1701 1282 uon

274 1403 302 1447 ¹)
330 1401 499 1436 Ceterum
524 1405 566 1436 ut
591 1412 635 1437 ex
653 1401 827 1446 exemplis
855 1413 875 1436 a
893 1401 1012 1436 Keilio
1037 1401 1084 1436 ad
1109 1401 1128 1434 Ι
1154 1402 1209 1444 31,
1235 1403 1258 1435 4
1276 1400 1437 1436 collectis
1456 1400 1699 1446 cognosc-itur,

147 1471 297 1505 prorsus
325 1460 450 1495 cadem
476 1460 713 1506 neglegentia
738 1460 775 1495 in
809 1460 1072 1495 commutandis
1104 1459 1264 1495 numeris
1297 1469 1552 1503 nonnunquam
1588 1460 1700 1495 etiam

147 1519 202 1554 ita
226 1519 346 1554 utitur
365 1519 492 1563 Varro⁷
518 1522 561 1553 ut
588 1519 868 1554 demonstrativi
894 1518 1117 1563 pronominis
1136 1518 1193 1554 vel
1212 1517 1385 1553 adiectivi
1403 1518 1461 1553 vel
1479 1518 1582 1554 verbi
1606 1518 1700 1554 finiti

147 1587 318 1613 numerus
338 1576 536 1622 singularis
562 1577 608 1611 ad
628 1588 756 1612 nomen
783 1577 924 1621 plurale
951 1580 1103 1621 spectet.
1124 1576 1213 1612 Cum
1231 1577 1324 1612 enim
1342 1587 1555 1620 unoquoque
1572 1577 1700 1611 horum

146 1637 308 1671 locorum
343 1636 465 1670 eodem
499 1636 578 1670 iure
614 1636 793 1671 alterutro
828 1646 976 1671 numero
1009 1637 1065 1671 uti
1095 1640 1222 1680 posset
1256 1657 1297 1661 —
1326 1636 1523 1680 singularis
1556 1636 1699 1679 quidem

146 1694 311 1740 generali
338 1694 415 1729 sive
448 1694 640 1729 collectiva
672 1704 778 1737 quam
805 1695 929 1729 dicunt
961 1695 1109 1730 notione
1139 1694 1400 1740 intelligendus
1427 1696 1471 1740 (e.
1497 1706 1533 1740 g.
1558 1695 1628 1730 VII
1653 1697 1698 1729 42

151 1753 312 1789 Graecus
339 1753 441 1794 (licia-
466 1753 482 1787 1
507 1755 608 1799 41,4;
639 1754 655 1787 l
682 1754 761 1796 55,5
787 1753 851 1798 in.)
877 1774 924 1778 —
949 1754 1206 1799 neglegentius
1232 1755 1268 1789 in
1301 1754 1425 1789 eadem
1451 1754 1699 1799 propositione

147 1816 339 1856 utramque
366 1815 590 1847 structuram
618 1813 844 1848 commiscuit
863 1817 901 1848 et
920 1814 1022 1856 quasi
1043 1813 1312 1858 conglutinavit
1329 1814 1512 1849 transiens
1530 1813 1699 1849 nimirum

148 1882 192 1907 ex
216 1872 300 1916 lege
326 1871 490 1916 generali
517 1871 562 1906 ad
588 1872 775 1917 singulare
803 1872 906 1915 quasi
933 1873 1146 1917 exemplum.
1202 1873 1274 1908 Cfr.
1302 1876 1450 1917 praeter
1475 1873 1584 1917 locos,
1610 1884 1699 1917 quos

143 1930 237 1966 Keil.
265 1930 426 1975 collegit,
453 1930 492 1965 II
519 1931 597 1973 11,7
627 1931 659 1965 T
657 1942 790 1966 onsas
817 1936 999 1966 recentes
1025 1932 1115 1976 (scil.
1144 1933 1243 1977 oves)
1270 1932 1392 1966 eodem
1419 1931 1475 1966 die
1486 1935 1703 1978 perunqzmt

143 1990 225 2025 vino
251 1993 285 2024 et
308 1989 386 2024 oleo
414 2016 421 2023 .
450 2018 456 2024 .
485 2016 492 2024 .
520 1993 553 2023 el
578 1989 612 2024 se·
642 2001 692 2024 ea
726 1993 815 2024 tecta
849 1990 957 2025 solet
990 2001 1070 2025 esse
1096 1995 1181 2030 etc.;
1214 1990 1269 2024 III
1295 1992 1351 2033 7,9
1384 1990 1473 2025 nillil
1505 1990 1700 2025 columbis

141 2048 350 2095 fecundius.
406 2047 535 2093 Itaque
575 2048 700 2084 diebus
731 2049 979 2094 quadraqem's
1012 2050 1188 2096 concipit
1219 2052 1253 2084 et
1277 2050 1401 2095 parit
1433 2054 1519 2093 etc.;
1553 2049 1586 2084 V
1618 2050 1698 2084 139.

145 2107 200 2142 De
224 2107 280 2142 leis
306 2118 399 2152 quae
423 2107 597 2142 iumenta
622 2107 774 2142 ducunt:
812 2107 844 2142 T
842 2107 973 2153 raqula
999 2108 1097 2154 quod
1126 2108 1170 2143 ab
1205 2119 1251 2143 eo
1285 2107 1440 2142 trahitur
1469 2119 1538 2154 per
1564 2112 1699 2143 terram

146 2166 204 2212 (ab
236 2177 277 2200 eo
312 2165 388 2201 scil.
423 2166 578 2200 iumento
611 2176 655 2201 ex
680 2166 849 2202 Andreae
877 2167 1032 2212 Spengel
1066 2167 1390 2212 interpretatione,
1418 2167 1475 2202 cui
1500 2167 1596 2202 haud
1622 2167 1698 2202 scio

147 2236 193 2260 an
225 2224 464 2269 praeferenda
499 2224 548 2260 sit
580 2225 771 2260 verborum
813 2226 1051 2270 transpositio
1097 2229 1182 2271 post
1219 2227 1376 2262 Laetum
1420 2226 1464 2261 ab
1508 2225 1697 2261 Leonardo

149 2283 308 2329 Spengel
342 2283 593 2319 commendata
628 2283 789 2329 Traqula
821 2285 864 2319 ab
896 2295 937 2319 eo
970 2285 1068 2330 quod
1090 2306 1135 2312 —
1160 2295 1231 2320 non
1264 2295 1332 2329 quo
1367 2284 1526 2320 offendat
1557 2283 1698 2320 numeri

146 2343 329 2385 varietas,
363 2342 427 2377 sed
457 2345 607 2386 propter
641 2346 870 2378 constantem
900 2353 1006 2378 usum
1038 2344 1217 2379 formulae
1251 2343 1294 2378 ab
1329 2354 1369 2378 eo
1395 2343 1516 2388 quod).
1567 2343 1696 2378 Paullo

148 2411 258 2445 supra
276 2400 297 2447 ξ
319 2402 384 2435 136
403 2400 585 2435 simillime
611 2401 648 2435 in
673 2401 832 2437 numeris
851 2402 999 2437 varians
1017 2402 1132 2437 Varro
1152 2401 1299 2446 scripsit
1315 2401 1448 2436 Rastel
1455 2401 1467 2435 l
1473 2402 1486 2435 i
1510 2404 1550 2436 ut
1563 2401 1697 2447 irpices

147 2469 274 2494 serrae
294 2458 399 2502 leves,
425 2460 542 2505 itaque
567 2459 669 2494 homo
696 2461 731 2495 z'n
756 2461 874 2506 pratis
893 2472 966 2506 per
987 2461 1183 2507 faenisicia
1201 2471 1248 2495 eo
1270 2461 1436 2506 festucas
1454 2459 1633 2501 corradit,·
1658 2463 1697 2496 et

145 2516 250 2552 initio
284 2517 443 2553 eiusdem
476 2518 515 2564 ξε
553 2518 710 2564 Irpe'ces
745 2519 884 2564 reqnla
917 2519 1160 2566 compluribus
1198 2519 1361 2554 dentibus
1399 2530 1506 2565 (μανι
1542 2518 1623 2553 item
1657 2520 1697 2553 ut

139 2575 349 2622 plaustrum
383 2577 488 2612 boves
520 2577 687 2619 tralmnl;
720 2578 771 2613 sic
803 2578 836 2612 V
872 2580 935 2613 146
966 2590 1009 2612 ea
1044 2578 1123 2612 loca
1155 2578 1261 2612 eliam
1292 2588 1388 2612 nunc
1419 2576 1697 2612 Lacedaemonii

146 2638 275 2670 vocant
298 2635 491 2671 Macellum
517 2641 556 2672 et
580 2638 615 2671 II
642 2638 723 2680 9‚15
749 2637 902 2672 collaria
927 2649 1019 2682 quae
1044 2640 1219 2672 vocantur
1243 2636 1395 2672 melium.

263 2695 492 2730 Pronominis
530 2706 701 2732 numerus
738 2696 891 2741 pluralis
931 2696 976 2731 ad
1014 2695 1193 2731 substant.
1227 2694 1357 2740 singul.
1392 2697 1536 2740 spectat
1559 2693 1592 2730 V
1628 2695 1694 2730 129

148 2751 401 2788 Calamislrum
427 2753 523 2799 quod
546 2753 601 2790 leis
627 2755 794 2801 calfactis
818 2755 857 2790 in
883 2755 1001 2789 cinere
1028 2754 1182 2800 capillus
1207 2758 1370 2789 ornatur.

262 2812 317 2847 De
343 2822 479 2856 genere
504 2817 646 2849 mutato
673 2814 738 2849 cfr.
766 2813 821 2847 III
847 2815 904 2856 6‚2
929 2813 981 2848 112·
1006 2818 1066 2856 (=
1091 2814 1267 2858 pavones)
1293 2812 1343 2847 ad
1364 2823 1495 2858 qreqes
1526 2811 1693 2848 eonstitu-

143 2869 257 2904 endos
281 2874 490 2916 parantur.
513 2899 519 2906 .
540 2899 548 2908 .
568 2900 575 2907 .
603 2871 653 2906 ad
678 2871 921 2907 admissuram
947 2871 1056 2906 haec
1081 2872 1278 2906 minores
1304 2871 1417 2907 bimae
1434 2881 1507 2906 uon
1530 2871 1691 2906 idoneae.
