1833 3048
751 53 1038 89 -30—

126 178 237 218 quae
285 165 496 219 suscepit,
541 165 597 207 ad
639 177 818 207 munera
865 166 1017 218 quibus
1065 165 1239 208 functus
1286 170 1355 209 est
1403 169 1675 220 spectantes3

124 240 299 279 veteres
330 236 454 290 leges
486 235 673 288 scriptor
709 236 753 278 in
794 236 959 278 litteris
991 236 1319 279 versatissimus
1352 240 1674 288 commemorat,

128 307 247 349 dicta
269 309 509 361 poetarum,
533 307 627 346 ἔπεα
644 306 883 357 πτερόεντα,
906 307 1074 358 laudat,
1098 320 1178 349 nec
1199 308 1425 360 popularia
1447 308 1678 360 proverbia

129 378 327 430 despicit.
375 376 574 429 Denique
607 380 815 428 quantum
847 380 996 429 posset
1029 378 1266 419 orationem
1301 378 1470 420 studuit
1502 379 1679 421 variare

128 452 173 490 61
206 447 333 501 quasi
365 447 510 489 anima
543 460 594 489 ac
625 446 720 489 vita
751 447 940 489 induere.

244 517 469 571 Exemplis
507 517 617 559 haec
656 517 798 559 omnia
836 518 1035 560 illustare
1074 521 1118 560 et
1157 518 1408 560 confirmare
1447 531 1530 560 11011
1571 531 1676 571 opus

126 602 222 632 esse
254 601 428 638 censo-03
463 588 514 630 de
547 600 632 630 una
663 600 710 629 re
743 600 854 640 quae
887 601 939 631 ex
970 589 1050 630 hoc
1082 600 1240 643 genere
1273 591 1342 631 est
1373 601 1514 641 pauca
1537 589 1668 631 adno-

127 661 246 713 tabo,
281 659 333 701 de
365 657 746 700 translationibus.

841 814 866 864 ξ
900 816 968 853 65.

623 894 698 936 De
730 893 1191 936 translationibus.

247 975 346 1019 Non
378 975 422 1018 id
455 976 566 1029 quod
597 979 746 1019 notum
779 979 848 1019 est
885 980 1082 1030 repetam
1124 980 1216 1018 tam
1250 977 1415 1030 amplos
1447 977 1553 1020 fines
1587 989 1683 1020 esse

129 1047 496 1100 metaphorarum,
541 1049 590 1090 ut
632 1047 775 1090 omnia
817 1046 908 1089 fere
951 1047 1164 1090 vocabula
1207 1060 1317 1100 quae
1361 1049 1683 1091 abstractorum

129 1117 300 1160 nomine
334 1119 563 1172 complecti
595 1119 793 1166 solemus,
838 1131 891 1160 ex
928 1118 1011 1160 hac
1042 1118 1182 1172 figura
1215 1117 1422 1172 originem
1467 1119 1682 1167 duxerint,

134 1188 212 1231 sed
244 1188 296 1231 de
329 1189 391 1231 eis
425 1189 519 1231 dico
553 1201 663 1241 quae
695 1189 879 1232 nondum
919 1189 1026 1231 adeo
1060 1202 1139 1232 usu
1170 1190 1282 1232 trita
1315 1192 1429 1243 sunt,
1463 1193 1512 1232 ut
1544 1193 1682 1232 meta-

128 1259 291 1312 phorae
321 1262 482 1302 natura
515 1259 756 1304 evanuerit.

247 1330 437 1372 Medium
475 1330 615 1373 locum
654 1330 771 1372 inter
802 1330 912 1372 haec
944 1329 1025 1372 duo
1057 1342 1219 1384 genera
1251 1331 1288 1372 is
1321 1343 1423 1373 usus
1456 1333 1581 1373 tenet
1613 1331 1686 1383 qui

130 1400 346 1443 latissime
393 1404 520 1454 patet
568 1401 682 1454 apud
720 1401 982 1451 Varronem,
1037 1401 1129 1443 scil.
1179 1404 1228 1443 ut
1278 1414 1419 1444 rerum
1472 1402 1686 1444 vocabula

131 1472 318 1515 subiecti
360 1473 454 1515 loco
497 1472 642 1526 posita
686 1485 780 1514 cum
822 1471 967 1515 verbis
1011 1471 1170 1526 agendi
1213 1472 1533 1526 coniungantur
1575 1485 1686 1524 quae

130 1542 304 1596 propria
347 1555 475 1586 sensu
517 1543 602 1586 nisi
645 1543 696 1585 de
743 1542 986 1585 hominibus
1034 1542 1119 1584 dici
1165 1555 1248 1584 11011
1296 1546 1491 1596 possunt.
1555 1543 1686 1585 Hunc

131 1626 252 1656 usum
297 1613 516 1657 tractavit
549 1615 620 1656 W.
651 1614 776 1656 Bock
815 1611 1030 1656 ‘subiecta
1073 1613 1137 1655 rei
1179 1626 1273 1655 cum
1316 1613 1502 1656 actionis
1541 1613 1686 1657 verbis

133 1684 419 1739 coniungendi
467 1696 569 1727 usus
619 1682 716 1727 etc.’
769 1687 814 1727 61
862 1684 1059 1737 exempla
1105 1683 1382 1729 Varroniana
1430 1685 1546 1737 apud
1592 1697 1686 1727 eum

132 1768 337 1810 magnam
384 1759 555 1809 partem
602 1754 741 1798 totius
789 1753 1167 1797 commentationis
1216 1753 1421 1797 efficiunt.
1500 1755 1554 1797 In
1602 1755 1686 1798 dis-

132 1827 340 1881 ponendis
388 1827 495 1869 locis
548 1839 602 1868 ex
650 1825 943 1869 substantivis
983 1824 1205 1878 profectus
1249 1828 1318 1867 est
1350 1825 1568 1868 Ahlenum
1610 1826 1687 1868 im-

132 1910 332 1952 pugnans
371 1897 442 1950 qui
479 1909 557 1951 per
595 1896 756 1951 agendi
794 1897 929 1940 verba
962 1896 1160 1948 exempla
1191 1895 1477 1948 disposuerat.
1531 1895 1687 1938 Bockii

131 1968 248 2011 ratio
291 1980 402 2021 quae
444 1968 661 2011 nonnullis
703 1968 748 2010 in
789 1967 989 2020 partibus
1029 1966 1147 2008 haud
1190 1966 1317 2008 dubie
1356 1967 1580 2020 probanda
1619 1968 1688 2009 est

132 2039 256 2083 velut
287 2039 332 2081 in
364 2052 416 2082 ea
449 2052 533 2092 qua
554 2051 623 2081 res
657 2040 712 2081 ab
736 2038 931 2091 antiquis
964 2037 1112 2081 divina
1141 2037 1284 2079 indole
1316 2037 1542 2090 praeditas
1576 2050 1687 2080 com-

133 2109 286 2163 plexus
318 2113 387 2152 est
421 2113 605 2163 (natura,
636 2110 811 2163 fortuna
845 2109 952 2163 etc.)
976 2121 1103 2160 quam
1136 2111 1255 2149 recte
1286 2108 1330 2150 in
1362 2111 1460 2150 tota
1493 2108 1687 2160 disputa-

133 2180 252 2222 tione
285 2180 485 2222 adhibita
508 2181 581 2229 sit,
616 2180 716 2223 inde
750 2192 962 2233 cognosce
985 2180 1097 2232 quod
1129 2178 1213 2220 loci
1245 2191 1350 2230 quos
1384 2178 1580 2231 separari
1603 2190 1687 2220 om-

133 2250 234 2293 nino
267 2263 351 2292 non
382 2251 488 2293 licet
528 2250 642 2303 apud
685 2250 807 2292 illum
845 2249 1032 2302 undique
1071 2249 1350 2301 conquirendi
1388 2251 1508 2301 sunt3
1551 2248 1687 2301 velut,

135 2324 184 2363 ut
218 2333 271 2362 ex
302 2322 416 2363 nube
449 2321 743 2374 exemplorum
765 2333 894 2363 unum
927 2320 1099 2374 eligam,
1124 2320 1148 2362 I
1182 2323 1277 2373 13‚2
1310 2320 1407 2361 haee
1435 2319 1544 2360 enim
1576 2317 1687 2373 (scil.

135 2391 335 2444 plaustra
359 2393 461 2443 etc.)
496 2425 502 2432 .
529 2425 537 2433 ὅ
559 2393 698 2445 furem
720 2392 836 2433 modo
857 2404 940 2433 11011
968 2394 1156 2432 metuunt
1185 2407 1237 2428 Ν
1272 2391 1297 2432 Ι
1326 2393 1422 2444 22,6
1447 2403 1551 2443 quae
1581 2389 1690 2430 enim

135 2475 202 2503 res
234 2461 378 2503 cotidie
409 2462 612 2512 videntur,
646 2462 785 2503 111111113
816 2465 1005 2503 metuunt
1032 2462 1182 2514 furem.

851 2612 875 2669 s
912 2617 977 2654 66.

256 2708 330 2751 Ad
361 2708 559 2762 proprias
592 2711 740 2750 autem
762 2706 1080 2750 translationes
1102 2708 1221 2749 recte
1243 2705 1555 2760 intelligendas
1587 2717 1689 2748 nun-

141 2791 267 2832 quam
299 2779 740 2831 praetermittendum
774 2783 842 2820 est
864 2779 1106 2823 Varronem
1148 2776 1326 2831 egregia
1358 2779 1516 2828 poetae
1546 2775 1690 2819 indole

141 2849 385 2903 praeditum
418 2848 572 2902 fuisse3
617 2849 729 2891 unde
762 2860 845 2891 non
878 2860 977 2890 raro
1011 2846 1186 2890 difficile
1221 2850 1289 2890 est
1322 2859 1559 2890 sermonem
1591 2858 1689 2899 poe-
