1787 3043
193 88 220 126 4

135 212 302 263 plurimi
347 211 727 262 grammaticorum
774 211 843 262 qui
890 223 1003 251 nune
1053 216 1151 252 sunt
1181 213 1286 253 alios
1318 225 1444 254 casus
1474 213 1633 254 locales

138 280 278 329 fuisse,
326 279 431 319 alios
475 279 780 330 grammaticos
827 291 933 330 quos
975 284 1133 320 vocant
1164 279 1241 320 sibi
1273 292 1525 332 persuasum
1557 281 1633 321 ha—

136 348 247 389 bent.
310 347 393 388 Sed
439 347 613 398 longum
660 351 721 387 est
759 347 992 387 sententias
1038 348 1306 399 perscrutari,
1340 361 1446 400 quas
1479 349 1530 389 de
1562 361 1633 389 ca-

135 429 261 457 suum
307 415 615 467 significatione
652 415 920 467 protulerunt
950 416 1026 455 viri
1058 415 1302 467 doctissimi,
1338 429 1435 457 cum
1466 422 1631 458 tantum

135 485 244 525 inter
289 495 334 524 se
382 482 587 533 differant,
621 487 663 523 et
693 487 844 534 postea
875 482 926 523 de
957 483 1290 537 uniuscuiusque
1324 497 1449 526 casus
1481 490 1634 526 natura

136 552 235 605 quid
282 552 371 603 ipse
417 551 598 591 sentiam
644 549 736 590 fuse
779 551 991 602 explicare
1038 551 1240 592 conabor.
1303 551 1442 602 Quare
1486 554 1633 605 paucis

136 631 349 672 exponere
381 618 573 669 sufficiat7
607 618 664 659 de
696 630 904 659 casuum
936 619 1141 672 syntaxi
1172 620 1479 661 Lucretiana
1501 621 1633 662 disse-

136 700 235 729 rens
269 699 353 739 qua
384 687 548 727 ratione
580 699 683 726 usus
715 687 807 726 sim.

272 755 458 795 Primum
493 755 593 794 mihi
625 755 817 806 persuasi
849 767 1029 795 casuum
1060 755 1288 796 latinorum
1321 757 1531 809 syntaxim
1555 758 1633 797 nisi

137 823 306 864 casibus
343 823 578 874 linguarum
604 827 882 874 cognatarum
903 824 1163 875 comparatis
1180 824 1361 876 perspici
1392 836 1479 865 non
1496 837 1633 877 posse.

137 893 229 942 Qua
260 891 311 932 de
344 903 475 932 causa
505 891 547 931 in
579 890 716 932 libello
750 891 1015 932 conficiendo
1048 897 1255 944 quantum
1287 893 1404 944 potui
1422 893 1632 945 syntaxim

137 959 472 1012 comparativam
520 959 563 1000 B.
609 959 931 1000 Delbrueckii
989 960 1193 1006 consului,
1228 973 1488 1012 quamquam
1521 961 1635 1001 haud

136 1029 284 1081 paucis
331 1029 434 1069 locis
471 1041 496 1069 a
533 1028 624 1068 viro
666 1029 734 1069 illo
775 1028 1022 1069 doctissimo
1066 1029 1287 1069 dissentire
1319 1034 1496 1070 coactus
1528 1043 1634 1070 sum.

136 1097 282 1149 Neque
326 1097 685 1149 praetereundum
718 1101 783 1137 est
812 1109 880 1137 me
912 1097 1149 1148 linguarum
1182 1096 1506 1148 l‘enno-iigricae
1537 1098 1633 1137 stir-

137 1166 199 1218 pis
232 1165 471 1216 cognitione
496 1165 680 1205 maxime
708 1165 899 1206 adiutum
916 1178 1021 1214 esse,
1042 1178 1139 1206 cum
1158 1177 1233 1206 eae
1254 1165 1422 1216 linguae
1439 1190 1491 1193 —
1506 1165 1635 1216 inpri-

138 1234 216 1274 mis
261 1232 430 1274 sennica
474 1234 616 1285 lingua
656 1259 721 1285 —,
757 1246 841 1285 qua
877 1239 975 1273 sunt
1014 1245 1190 1274 casuum
1237 1232 1430 1273 ubertate
1472 1238 1513 1273 et
1549 1232 1635 1273 for-

139 1314 305 1342 marum
337 1302 659 1354 compositione,
695 1302 869 1342 omnino
887 1301 940 1342 ad
958 1314 1135 1342 casuum
1155 1306 1351 1341 naturam
1371 1306 1412 1341 et
1429 1301 1634 1352 originem

138 1375 252 1411 recte
284 1370 622 1422 perspiciendam
654 1382 738 1410 non
771 1370 872 1410 nihil
904 1370 1072 1410 valeant
1092 1369 1134 1423 1).
1183 1369 1343 1410 Deinde
1370 1381 1496 1409 casus
1513 1369 1634 1409 indo-

137 1439 419 1491 germanicos,
453 1451 550 1479 cum
581 1439 699 1479 initio
731 1438 856 1479 locali
887 1437 1195 1490 significatione
1226 1438 1417 1489 usurpati
1435 1437 1529 1487 sint,
1550 1450 1634 1489 quo

136 1507 270 1559 magis
316 1506 483 1547 exculta
529 1511 570 1547 et
616 1506 823 1558 perpolita
871 1510 935 1546 est
965 1506 1122 1557 lingua,
1157 1517 1206 1546 eo
1239 1505 1409 1557 saepius
1441 1505 1563 1546 locali
1594 1506 1634 1544 vi

136 1580 175 1615 et
223 1574 530 1627 significatione
578 1573 794 1615 debilitata
840 1578 880 1614 et
917 1574 1076 1614 amissa
1106 1573 1160 1614 ad
1190 1574 1388 1614 notiones
1419 1585 1634 1624 gramma-

136 1644 242 1684 ticas
282 1643 580 1695 exprimendas
621 1642 835 1683 adhibitos
868 1654 961 1683 esse
994 1642 1096 1682 satis
1128 1653 1336 1693 apparere
1368 1641 1561 1682 existimo
1585 1641 1634 1695 2).

136 1711 209 1751 His
256 1712 379 1763 igitur
425 1711 552 1752 rebus
585 1715 827 1752 commotus
860 1723 986 1751 casus
1016 1711 1183 1762 linguae
1216 1710 1371 1751 latinae
1403 1710 1636 1762 antiquitus

135 1781 194 1820 ita
239 1784 468 1831 usurpatos
515 1791 607 1820 esse
654 1778 873 1831 putabam,
920 1783 966 1819 ut
1014 1778 1300 1818 nominativus
1341 1783 1382 1818 et
1413 1778 1635 1818 vocativus

138 1861 227 1889 rem
258 1853 425 1888 tantum
458 1847 586 1888 modo
609 1847 880 1888 nominarent
897 1848 941 1900 ³),
967 1847 1238 1887 accusativus
1261 1851 1302 1887 et
1319 1846 1484 1886 dativus
1506 1846 1633 1886 finem

138 1921 280 1957 motus
322 1916 571 1963 indicarent,
604 1916 749 1956 localis
781 1920 822 1956 et
853 1915 1188 1956 instrumentalis
1221 1915 1341 1967 quasi
1374 1919 1535 1955 tactum
1569 1914 1634 1955 vel

276 2098 300 2139 ¹)
338 2097 414 2129 Huc
452 2096 600 2138 accedit7
641 2096 735 2138 quod
770 2096 891 2138 lingua
918 2096 1059 2129 fennica
1086 2096 1119 2128 in
1147 2095 1288 2128 casibus
1314 2094 1529 2129 adhibendis
1557 2105 1635 2127 cum

139 2154 251 2187 latina
278 2153 399 2195 lingua
424 2153 553 2185 mirum
580 2153 615 2185 in
640 2152 783 2185 modum
811 2153 987 2195 congruit,
1015 2152 1050 2184 id
1076 2152 1169 2194 quod
1195 2158 1321 2194 postea
1347 2151 1544 2185 ostendam.

274 2222 300 2264 2)
346 2221 397 2254 De
438 2221 580 2254 casibus
623 2220 921 2263 indegermanieis
962 2219 1008 2253 M.
1049 2219 1289 2253 Brealium
1334 2219 1367 2252 in
1409 2218 1636 2261 ephemeride

139 2277 337 2311 Journal
377 2277 455 2310 des
492 2276 692 2310 Savants
718 2287 748 2309 a.
777 2276 864 2308 1534
889 2287 946 2318 pp.
971 2276 1162 2317 445—415Q
1190 2285 1219 2308 a.
1252 2276 1334 2307 1595
1360 2285 1418 2317 pp.
1445 2275 1633 2313 2?4>-2Ss,

138 2335 328 2376 ist—fii,
366 2334 546 2365 Gttss——G'ffl
584 2333 694 2366 libros
732 2332 766 2365 C.
793 2333 1013 2375 Brugmanni
1040 2338 1073 2365 et
1102 2332 1138 2365 Β.
1165 2331 1397 2364 Delbrueckii
1423 2341 1635 2374 percensens

140 2391 261 2424 eodem
299 2390 404 2423 modo
444 2390 668 2433 iudicavisse,
707 2394 814 2432 atque
852 2389 1013 2432 equidem
1052 2388 1217 2431 cogitavi,
1256 2387 1458 2430 nuperrime
1496 2398 1634 2421 summo

140 2447 270 2491 gaudio
299 2447 383 2480 vadi.
434 2486 437 2487 ⁷

278 2515 338 2548 (jsr
374 2515 550 2548 Ziemer
586 2514 655 2547 Str.
694 2526 726 2557 p.
759 2515 817 2547 4⁰:
855 2514 902 2547 So
938 2513 1026 2546 liisst
1064 2513 1139 2545 sich
1167 2512 1223 2546 die
1250 2512 1397 2545 Genesis
1423 2512 1486 2545 der
1511 2512 1635 2545 Casus-

141 2574 349 2606 §trucum-on
377 2572 440 2605 auf
465 2571 661 2604 riiumliche
688 2570 975 2613 Anschauungen
993 2598 998 2603 .
1015 2596 1021 2602 .
1039 2595 1044 2600 .
1062 2596 1067 2601 .
1085 2595 1110 2602 ..
1131 2595 1136 2601 .
1153 2599 1157 2603 ,
1173 2568 1452 2601 κιιῐῐριςΙςΐϊὶῙηῈΠ.

276 2641 301 2681 ³)
338 2640 566 2672 Nominativo
605 2647 639 2672 ct
677 2639 839 2672 vocativo
877 2648 956 2671 sero
995 2637 1133 2670 demum
1172 2637 1323 2669 formam
1355 2646 1375 2668 a
1403 2635 1514 2678 stirpe
1539 2636 1635 2668 vocis

141 2696 363 2729 differentem
391 2695 541 2728 inditam
569 2705 645 2729 esse.
672 2705 712 2728 ex
740 2705 884 2728 casuum
911 2699 1040 2727 natura
1067 2694 1138 2726 veri
1166 2693 1280 2726 simile
1306 2698 1369 2726 est.
