1833 3048
770 55 1061 91 —54—

859 168 882 220 g
917 172 985 209 45.

261 262 368 304 Cum
391 261 546 304 omisso
570 262 769 304 subiecto
793 273 845 303 ea
866 273 936 303 res
960 263 1083 304 arcte
1106 262 1310 304 cohaeret
1340 261 1450 314 quod
1478 261 1694 304 nonnullis

141 331 248 374 10015
283 332 363 374 duo
398 332 631 375 enuntiata
668 333 736 375 ita
772 332 889 375 inter
921 344 968 375 se
1009 332 1324 386 coniunguntur
1357 336 1406 374 ut
1438 332 1694 375 brevissimo

141 406 313 445 tantum
354 403 498 456 spatio
537 403 798 456 interposito
835 403 891 445 ad
923 403 1107 446 alterius
1141 404 1361 446 enuntiati
1392 405 1571 447 verbum
1601 403 1694 445 fini-

142 477 233 515 tum
266 473 384 516 aliud
416 473 658 516 subiectum
681 474 1022 517 subaudiendum
1045 474 1104 516 sit
1127 478 1259 527 atque
1283 475 1338 516 ad
1359 474 1535 535 prio-ris3
1569 486 1696 526 quem

141 557 263 586 usum
305 557 389 587 non
430 558 528 587 raro
571 544 758 588 inveniri
806 545 920 598 apud
962 543 1078 586 Belli
1120 544 1431 598 Hispaniensis
1473 548 1695 587 auctorem

140 618 286 657 monet
318 615 580 669 Degenhart
611 614 680 657 ‘de
713 618 827 657 auct.
862 615 966 657 belli
997 615 1125 667 Hisp.
1159 613 1274 657 eloe?
1309 629 1349 668 p.
1387 619 1451 656 13.

259 685 390 738 Apud
412 687 656 730 Varronem
679 685 834 738 prioris
860 685 1080 727 enuntiati
1103 685 1317 728 obiectum
1339 698 1416 738 pro
1438 684 1694 738 posterioris

142 756 393 798 sententiae
425 757 620 799 subiecto
655 755 796 810 accipi
819 759 992 808 oportet
1024 756 1049 798 I
1075 760 1139 808 1,ss
1163 772 1295 811 neque
1317 759 1455 813 robigso
1476 759 1695 813 frumenta

141 833 264 882 atque
295 830 462 872 arbores
494 830 736 883 corrumpit,
770 843 904 882 neque
936 842 1025 871 ozon
1057 829 1290 882 tempestive
1308 828 1495 882 fl07·ent;
1527 827 1603 869 ΙΙΙ
1627 830 1691 879 7,7

141 901 250 953 quod
282 900 405 942 multi
441 901 486 942 in
518 901 677 942 theatro
717 914 736 942 0
774 900 877 942 sinu
914 899 1066 942 missas
1103 900 1272 953 fac‘z'mzt
1315 897 1421 949 (scil.
1459 897 1696 950 columbas)

141 975 264 1024 atque
296 971 350 1013 ad
373 971 507 1013 locum
530 972 707 1013 redeunt
730 968 839 1023 (scil.
864 968 1104 1019 columbae)
1128 985 1233 1023 quae
1265 970 1353 1012 nisi
1374 973 1695 1023 reverterentur,

141 1056 231 1084 ozon
271 1042 574 1095 emitterentur,
620 1039 707 1082 etsi
744 1040 854 1082 haec
892 1040 1027 1082 verba
1065 1038 1204 1081 minus
1248 1039 1355 1081 dura
1387 1042 1488 1082 sunt
1520 1042 1698 1092 propter

143 1111 421 1153 enuntiatum
453 1111 687 1154 relativum
720 1110 831 1163 quod
866 1109 1151 1163 appositionis
1183 1109 1326 1152 instar
1358 1110 1413 1152 ad
1457 1110 1698 1152 subiectum

144 1181 324 1223 additae
359 1194 453 1223 cum
487 1182 626 1224 altero
659 1182 850 1223 membro
884 1180 1159 1223 coniunctum
1193 1183 1273 1222 est.
1325 1181 1566 1223 Praeterea
1590 1181 1698 1222 haec

153 1252 438 1305 exscripsisse
472 1252 664 1295 sufficiat
696 1253 773 1295 HI
808 1256 872 1300 7‚5
907 1254 945 1295 si
977 1267 1082 1307 quae
1114 1253 1299 1295 colemeba
1330 1254 1431 1306 quid
1464 1252 1697 1308 offenderit,

145 1326 193 1365 ‘m'
223 1325 452 1378 medeatur,
487 1326 524 1367 si
557 1340 662 1379 quae
687 1325 878 1379 perierit,
914 1329 961 1366 ut
993 1324 1208 1379 efferatur,
1247 1324 1285 1365 εἰ
1317 1324 1390 1377 qui
1413 1323 1527 1377 pulli
1563 1323 1700 1366 idonci

144 1400 246 1438 sunt
278 1397 332 1438 ad
363 1397 640 1449 rendendum
667 1399 892 1450 promat&
923 1393 999 1435 ΠΙ
1024 1397 1148 1443 16,30
1173 1405 1233 1444 sq.
1258 1408 1283 1435 α
1310 1394 1499 1436 mellario
1532 1408 1622 1436 cum
1656 1394 1701 1435 »id

144 1467 291 1521 fecisse
324 1471 427 1509 sunt
459 1468 778 1510 cmimcutzersae
811 1463 919 1517 (scil.
944 1463 1081 1517 apes),
1124 1465 1321 1507 iacimzdo
1357 1465 1402 1507 in
1434 1479 1502 1507 eas
1527 1465 1701 1519 pulvere

152 1542 187 1579 et
220 1538 607 1580 cirezmztmnz‘cmlo
640 1552 736 1580 aere
765 1537 1025 1591 perterritae,
1060 1550 1139 1589 quo
1170 1536 1317 1577 ‘folmu
1337 1536 1577 1588 perducere,
1610 1549 1701 1578 ozon

144 1609 262 1663 loozqe
308 1609 408 1651 ‘inde
450 1608 646 1651 oblinunt
690 1608 868 1650 erithace
902 1641 910 1649 .
947 1640 954 1649 .
991 1621 1024 1659 ,χ
1061 1606 1132 1648 ubi
1165 1607 1453 1658 comederunt,
1497 1606 1701 1660 adferunt

144 1679 285 1721 ulrum
320 1681 416 1730 etc„
450 1690 551 1719 nam
584 1677 743 1719 multos
784 1676 901 1719 locos
942 1675 1133 1718 eiusdem
1172 1674 1346 1730 generis
1381 1674 1560 1728 collegit
1593 1673 1701 1716 Keil

141 1747 187 1790 in
219 1761 366 1791 comm.
401 1748 457 1790 ad
488 1749 539 1790 II
574 1752 653 1798 1‚4.

857 1901 880 1953 ξ
915 1904 981 1940 46.

260 1995 529 2048 Saepissime
573 1995 618 2036 in
670 1994 915 2037 accusativi
958 2006 1051 2035 cum
1101 1993 1176 2035 inf.
1219 1996 1441 2036 structura
1481 1993 1700 2036 omittitur

146 2066 425 2109 accusativus
459 2065 531 2117 qui
563 2065 748 2108 subiecti
779 2077 954 2107 munere
976 2064 1097 2118 fungi
1120 2064 1339 2117 putandus
1362 2067 1443 2107 est.
1491 2065 1559 2106 De
1591 2064 1698 2106 locis

145 2136 217 2188 qui
259 2137 342 2178 huc
392 2139 596 2189 spectant
640 2135 821 2188 primum
865 2147 1143 2177 commemoro
1187 2147 1281 2176 eum
1321 2135 1393 2187 qui
1430 2135 1592 2189 legitur
1623 2135 1700 2177 III

151 2210 248 2259 1074
290 2206 395 2250 Cum
428 2208 596 2250 excudit
628 2206 794 2260 (agitur
826 2205 878 2248 de
911 2208 1095 2256 ansere),
1139 2208 1325 2261 qumque
1366 2208 1508 2249 (liebus
1547 2207 1700 2261 primis

150 2279 381 2332 patin-oum·
413 2293 515 2321 0530
547 2293 638 2320 eum
671 2283 826 2330 matres:
861 2277 916 2318 ad
948 2276 1208 2318 infinitivum
1242 2292 1325 2320 esse
1357 2275 1698 2318 subaudiendum

152 2350 221 2389 est
254 2360 308 2389 ex
340 2347 564 2390 sententia
597 2347 784 2389 subiecti
816 2347 908 2389 1000
940 2347 1195 2390 vocabulum
1228 2347 1350 2389 Velut
1375 2348 1527 2402 pullos.

263 2417 348 2460 Sed
380 2419 508 2471 longe
540 2418 736 2470 plurimis
767 2417 874 2460 locis
898 2417 1050 2469 quibus
1074 2416 1278 2459 infinitivi
1300 2417 1542 2459 subiectum
1574 2417 1698 2459 deest

141 2489 280 2530 multo
314 2488 486 2530 facilius
520 2501 647 2540 quam
679 2489 760 2530 hoc
792 2488 885 2529 1000
920 2487 1165 2540 suppletur,
1205 2499 1298 2529 cum
1330 2487 1578 2540 plerumque
1610 2490 1697 2530 ter-

150 2559 241 2601 tiae
278 2571 490 2611 personae
528 2571 761 2610 pronomen
793 2570 868 2611 pro
902 2557 1098 2599 subiecto
1132 2557 1429 2610 accipiendum
1468 2558 1539 2600 sit.
1600 2557 1697 2612 Qua

147 2629 291 2681 ellipsi
322 2629 426 2670 nihil
462 2641 558 2671 esse
590 2628 860 2681 frequentius
882 2628 927 2670 in
949 2640 1143 2670 sermone
1166 2628 1351 2681 vulgari,
1386 2628 1486 2670 inde
1519 2640 1698 2682 cognos-

152 2699 266 2741 citur
299 2699 409 2750 quod
443 2699 555 2752 apud
578 2703 732 2752 poetas
756 2698 939 2741 comicos
963 2697 1216 2750 saepissime
1237 2697 1468 2754 invenitur,
1501 2702 1551 2741 ut
1574 2711 1697 2741 accu-

149 2769 371 2811 ratissime
391 2769 612 2812 distinctis
630 2769 813 2824 singulis
830 2769 978 2811 formis
997 2767 1196 2821 exposuit
1212 2767 1268 2810 A.
1292 2769 1457 2821 Funck‚
1475 2769 1517 2812 J.
1540 2770 1696 2812 Jahrb.

154 2843 356 2888 121‚725.
400 2838 504 2881 Cum
529 2843 674 2882 autem
699 2839 812 2892 apud
829 2840 1035 2882 Plautum
1059 2839 1189 2882 etiam
1214 2838 1377 2891 primae
1400 2839 1699 2892 secundaeque
