1787 3043
126 155 206 194 160
450 167 504 193 DE
536 166 694 193 Exime.
728 167 777 193 ET
808 166 1071 193 PARTICULIS.
1118 166 1210 193 cn).
1238 166 1325 193 XIV.

124 278 220 317 431.
256 278 353 317 446.
389 279 487 316 451.
525 277 619 316 517.
657 278 738 316 524
772 280 837 316 ubi
871 301 912 305 —
948 283 1048 316 tum.
1088 291 1130 315 V.
1160 279 1254 316 545.
1291 278 1393 315 550:
1425 292 1496 316 nec
1523 280 1653 315 minus

125 349 318 393 exultant,
342 352 381 384 et
403 344 470 382 <ubi
492 347 583 396 lapi'
607 359 775 396 cumque
796 347 874 383 viai
894 348 1058 383 ferratos
1074 347 1275 396 utrimque
1288 351 1465 383 rotarum
1480 346 1654 382 succutit,

124 416 248 452 orbes.
293 411 361 451 Sic
384 410 565 450 Lachm.
602 426 640 450 v.
667 413 763 451 552.
800 412 894 450 672.
933 412 1029 450 685.
1067 412 1160 449 686.
1201 411 1293 450 736.
1339 412 1376 462 c)
1406 410 1653 462 Cognatum

125 484 204 528 est,
238 478 274 517 si
303 478 391 518 fere
421 477 781 531 significationem
813 476 969 530 accipit
999 477 1237 530 particulae
1273 476 1579 532 conditionalis
1601 477 1652 523 si,

122 546 159 595 Ι,
186 547 280 586 167.
316 545 396 594 VI,
424 546 517 585 791.
555 545 595 597 d)
618 545 941 602 Nonnunquam
966 544 1036 583 vix
1058 544 1266 597 temporis
1290 543 1653 596 significationem

122 613 189 652 vbi
211 613 369 652 habere
393 612 533 652 dicere
556 612 711 666 possis,
737 611 810 651 sed
835 617 922 651 est:
955 611 989 650 si
1012 611 1073 651 ita
1094 626 1160 651 res
1185 626 1228 651 se
1252 613 1398 661 habet,
1424 615 1472 651 ut
1494 612 1530 661 I,
1556 612 1652 651 617.

128 705 168 709 —
199 680 262 720 Ibi
285 682 321 732 a)
346 679 504 719 dicitur
527 680 578 719 de
602 680 712 719 loco.
749 679 785 728 1,
812 680 935 718 1072.
963 680 1091 718 1091;
1119 696 1157 719 se
1181 679 1235 718 ibi
1257 683 1447 731 conligat.
1476 679 1538 729 II,
1556 680 1651 719 325:

122 752 253 800 fulgor
274 748 331 786 ‘7722'
353 751 401 787 ad
424 751 576 787 caelum
599 764 637 787 se
659 750 782 786 tollit.
819 746 860 798 1))
884 746 936 785 de
958 751 1152 799 tempore
1175 746 1263 795 111,
1292 748 1389 786 12-8;
1416 750 1492 786 His
1515 747 1570 785 ibi
1591 763 1653 786 me

121 819 237 856 rebus
261 819 454 868 quaedam
478 819 613 855 divina
634 818 818 867 voluptas
841 818 1022 867 percipit.
1059 813 1144 865 (Sic
1161 813 1406 852 Gronovius
1430 820 1473 853 et
1498 813 1654 854 VVake-

120 883 276 923 fieldus
305 897 380 936 pro
412 883 508 934 uhi).
555 882 638 931 IV,
665 884 744 922 148
775 884 830 933 (v.
858 882 936 921 147
968 880 1187 920 antecedit
1219 881 1316 933 ubi).
1361 896 1400 919 v.
1427 882 1505 921 167
1536 886 1653 920 recte

122 950 295 1004 scripsit
318 951 473 989 Mum-0
499 950 569 988 ibi.
607 948 685 998 VI,
706 950 754 989 17
780 948 1001 988 antecedit
1023 963 1124 994 eum,
1150 948 1253 987 item
1278 963 1317 987 v.
1339 950 1432 988 733.
1457 949 1536 998 VI,
1556 950 1651 989 139.

123 1019 201 1058 277
228 1017 463 1070 (antecedit
486 1018 590 1071 πύκ’).
626 1016 691 1056 De
714 1016 857 1055 ibidem
880 1031 920 1055 v.
940 1015 1083 1055 Hand.
1101 1015 1285 1055 Tursell.
1310 1016 1396 1065 III,
1414 1031 1455 1069 p.
1475 1018 1553 1056 169
1570 1031 1650 1069 sq„

121 1085 191 1138 qui
215 1086 339 1124 affert
362 1099 413 1125 ex
435 1083 639 1123 Lucretio
663 1084 769 1123 haec
800 1083 1015 1137 exempla:
1049 1083 1134 1132 HI,
1163 1085 1284 1123 1080.
1331 1083 1408 1133 VI,
1436 1085 1528 1124 793.
1556 1084 1650 1124 175.

123 1155 216 1202 125,
242 1152 398 1205 quibus
423 1151 532 1191 adde
555 1151 633 1199 VI,
662 1153 783 1191 1234.

235 1222 272 1259 6.
311 1219 509 1259 Adrerhia
534 1219 731 1269 temporis.
778 1220 918 1258 Adlme
945 1219 999 1267 Υ,
1026 1219 1121 1258 378.
1148 1219 1271 1258 1027.
1315 1218 1500 1272 Denique
1520 1218 1557 1267 Ι,
1584 1218 1649 1258 17.

123 1289 186 1328 76.
215 1290 310 1329 199.
337 1289 432 1327 238.
459 1287 552 1326 278.
581 1287 676 1325 305.
703 1288 797 1326 358.
826 1288 920 1326 551.
947 1288 1042 1326 584.
1069 1288 1164 1325 628.
1193 1287 1285 1326 763.
1309 1287 1404 1325 915.
1430 1287 1532 1326 981;
1558 1288 1653 1338 quid

119 1360 203 1396 telo
232 1356 402 1409 denique
430 1359 510 1394 fiat.
555 1353 618 1399 Π,
645 1355 739 1393 251.
774 1355 869 1394 973.
913 1354 1001 1403 III,
1026 1356 1092 1393 59.
1130 1355 1223 1393 759.
1257 1355 1380 1393 1039.
1409 1354 1529 1392 1076.
1572 1352 1651 1402 IV,

118 1426 215 1463 420.
244 1424 338 1462 513.
369 1423 462 1462 783.
489 1423 568 1460 840
593 1429 631 1461 et
661 1447 699 1450 —
728 1425 911 1474 denique.
947 1436 987 1460 v.
1007 1423 1130 1461 1105.
1167 1421 1220 1470 Y,
1247 1423 1313 1460 26.
1339 1422 1407 1460 34.
1434 1422 1528 1460 232.
1555 1421 1651 1460 306.

118 1492 214 1530 311.
259 1492 353 1530 318.
393 1491 487 1529 335.
526 1490 622 1528 380.
658 1490 754 1529 434.
793 1491 888 1528 541.
925 1491 1020 1529 559.
1060 1489 1154 1528 731.
1191 1490 1287 1527 858.
1324 1481 1431 1528 901:
1469 1487 1654 1540 Denique

115 1562 272 1598 flamma
311 1561 470 1610 quidem
506 1561 611 1596 cett..
669 1556 736 1595 Sic
772 1556 1093 1596 Lachmannus.
1150 1571 1189 1595 v.
1228 1558 1322 1596 948.
1363 1557 1484 1595 1059.
1526 1556 1649 1595 1073.

119 1627 242 1665 1236.
269 1626 392 1665 1277.
438 1624 516 1673 VI,
543 1626 608 1663 65.
638 1625 730 1663 156.
757 1625 853 1663 340.
878 1625 974 1664 400.
1001 1625 1095 1663 502.
1124 1624 1216 1663 733.
1246 1624 1338 1663 799.
1382 1623 1465 1661 Iam
1490 1622 1526 1671 I,
1553 1624 1648 1662 102.

117 1694 214 1734 157.
240 1695 335 1733 315.
362 1693 462 1732 396:
489 1708 572 1732 nec.
597 1696 626 1731 si
651 1691 727 1729 ‘iam
752 1700 896 1744 posset.
937 1705 977 1728 v.
1004 1693 1103 1730 550:
1129 1707 1200 1730 nec
1225 1695 1379 1730 ratione
1401 1696 1554 1743 queunt
1575 1693 1652 1729 alia

118 1768 273 1801 servata
294 1777 364 1813 per
385 1776 521 1800 aevom
545 1776 588 1799 ex
612 1762 768 1798 infinito
785 1758 861 1796 iam
878 1765 1057 1810 tempore
1070 1774 1130 1797 res
1144 1774 1337 1811 reparare.
1371 1772 1411 1796 V.
1430 1760 1525 1798 552.
1552 1760 1647 1797 584.

117 1830 218 1868 613:
244 1844 371 1880 neque
395 1831 571 1867 deminui
595 1827 670 1865 iam
697 1825 862 1878 (sicpro
879 1829 956 1863 tam
974 1830 1190 1864 corrector
1205 1825 1414 1877 oblongi).
1446 1825 1533 1874 HI,
1549 1827 1646 1865 428:

115 1900 317 1948 Principio
352 1899 538 1947 quoniam
574 1901 735 1934 tenuem
771 1899 950 1932 constare
981 1896 1144 1932 minutis
1176 1896 1404 1946 corporibus
1435 1896 1565 1941 docui,
1602 1916 1643 1920 —

118 1964 194 2002 iam
220 1967 337 2015 longe
360 1966 586 2002 mobilitate
609 1968 796 2014 praestat.
834 1960 909 2011 (sic
933 1960 1112 1999 Lachm.
1138 1974 1211 2012 pro
1237 1964 1357 2009 nam).
1394 1974 1432 1998 v.
1454 1960 1551 1999 738:
1577 1975 1648 1999 nec

115 2040 249 2071 tamen
284 2038 344 2070 est⁴
378 2039 420 2069 ut
457 2030 533 2068 iam¹
568 2032 753 2082 perfectis
782 2032 1035 2068 insinuentur
1057 2031 1286 2080 corporibus
1309 2026 1386 2079 (sic
1408 2026 1646 2066 Lambinus

114 2112 188 2151 pro
216 2098 402 2151 quicum).
449 2111 487 2136 v.
515 2099 610 2137 868.
638 2098 737 2136 894:
771 2096 854 2134 Iam
888 2095 964 2134 ‘iam
996 2112 1073 2135 non
1103 2099 1242 2135 domus
1271 2098 1439 2147 accipiet
1467 2100 1507 2134 te
1530 2098 1645 2142 laeta,

114 2180 153 2204 V.
180 2167 276 2205 915.
304 2167 426 2205 1001.
464 2165 517 2213 Υ,
535 2166 630 2203 632.
658 2165 753 2203 679.
783 2164 856 2203 711
883 2167 1043 2216 propius
1068 2164 1160 2201 iam.
1198 2161 1266 2202 Sic
1290 2161 1394 2201 Itali
1418 2168 1460 2201 et
1482 2162 1645 2201 Nlarul-

114 2233 181 2272 lus
212 2247 287 2285 pro
319 2236 412 2271 tam.
458 2247 497 2271 v.
524 2233 632 2271 1026
662 2237 705 2270 et
737 2247 775 2270 v.
805 2232 910 2270 1037
935 2235 1010 2270 iam
1034 2237 1132 2270 tum.
1176 2245 1215 2268 v.
1243 2231 1365 2269 1066.
1392 2231 1523 2269 1442:
1559 2229 1645 2269 Iam

113 2316 218 2340 mare
248 2303 428 2340 velivolis
456 2302 621 2339 florebat
651 2301 863 2351 puppibus.
908 2297 976 2336 Sic
999 2297 1177 2336 Laohrn.
1210 2312 1283 2350 pro
1313 2301 1408 2336 tum.
1452 2312 1492 2336 V.
1519 2298 1641 2336 1440.

114 2369 236 2407 1442.
265 2367 388 2406 1443.
424 2366 503 2415 VI,
529 2368 566 2405 8.
595 2368 659 2406 10.
689 2367 754 2405 79.
778 2366 875 2405 497.
903 2366 1025 2404 1271.
1072 2364 1231 2403 Interea
1256 2364 1291 2413 Ι,
1318 2366 1384 2404 29.
1409 2364 1491 2414 IV,
1518 2365 1640 2404 1123.

112 2434 191 2484 VL
219 2435 284 2473 59.
329 2433 382 2483 V,
409 2435 517 2473 1410
543 2433 695 2472 r'nfierea
719 2437 786 2472 est
808 2431 943 2471 nihilo
967 2431 1122 2480 minus,
1154 2435 1202 2470 ut
1224 2430 1265 2470 in
1289 2431 1376 2480 ΙΙΙ,
1403 2433 1509 2471 1020
1535 2436 1577 2470 et
1599 2430 1641 2470 in

112 2502 141 2541 l.
166 2501 205 2539 V
227 2516 268 2541 v.
294 2503 361 2550 83,
386 2500 490 2540 item
515 2515 554 2539 v.
580 2502 675 2547 394,
708 2499 780 2539 ubi
813 2499 915 2539 olim
937 2498 1134 2551 impressi
1157 2498 1319 2538 habent
1343 2499 1382 2537 in
1408 2502 1515 2537 terra
1539 2498 1639 2551 (L.).

110 2569 335 2623 qunmn
363 2568 400 2617 I,
424 2569 521 2608 473.
560 2570 683 2608 1019.
727 2567 789 2616 ΙΙ,
816 2568 909 2607 775.
955 2566 1035 2615 VI,
1059 2569 1154 2606 400.
1192 2568 1290 2606 412.
1348 2565 1490 2605 Verbo
1520 2570 1640 2618 post-

110 2636 303 2690 positum
336 2640 403 2675 est
430 2635 511 2683 IV,
545 2637 672 2674 1205:
709 2639 813 2687 quod
848 2640 1023 2674 facerent
1056 2648 1282 2686 qumquam.
1327 2632 1451 2684 Saepe
1479 2633 1516 2681 I,
1533 2633 1636 2673 318.

110 2703 172 2752 II,
206 2705 302 2743 352.
337 2704 430 2743 778.
465 2703 560 2742 877.
610 2702 690 2751 VI,
722 2703 824 2741 223:
857 2708 1060 2755 praeterea
1085 2714 1202 2750 saepe
1231 2703 1453 2740 aeeendunt
1483 2716 1639 2752 quoque

110 2777 217 2811 tecta
250 2774 468 2811 domorum.
512 2769 581 2809 Sic
610 2768 791 2808 Vossius
821 2774 864 2808 et
894 2766 1191 2807 Wakefieldus
1222 2781 1295 2821 pro
1325 2781 1379 2806 se.
1429 2766 1508 2816 VI,
1538 2769 1635 2807 489.
