1833 3048
814 50 1105 87 *35*-

183 182 351 212 annum
376 167 777 222 prospicientem
808 167 853 206 et
886 163 948 206 eis
980 163 1087 205 locis
1110 162 1182 215 qui
1203 162 1333 215 plane
1355 160 1545 204 eiusdem
1567 159 1740 214 generis

184 241 286 280 sunt
317 238 368 279 Π
393 240 508 288 7,14;
541 235 617 277 III
641 239 752 287 9,15.
816 235 883 277 De
917 234 1069 286 quibus
1102 232 1349 285 disputavit
1378 231 1589 274 Heidrich
1611 228 1742 274 ‘Var-

185 305 362 349 ronian.'
414 320 454 359 p.
501 309 552 347 10
587 317 666 357 sq.;
719 304 793 346 cfr.
839 304 973 346 etiam
1017 303 1136 346 Keil.
1179 303 1223 344 in
1274 315 1420 344 comm.
1465 302 1521 344 ad
1561 302 1586 343 I
1629 304 1739 353 23‚3.

184 378 327 419 Minus
377 377 484 418 dura
529 378 753 417 structura
795 378 864 417 est
906 375 931 416 Ι
971 378 1067 426 4Ο,6
1118 377 1167 418 m
1210 388 1512 428 quemcumque
1553 374 1743 416 arborem

188 451 353 493 inseras
376 482 384 491 .
410 482 418 490 .
445 482 453 490 .
476 449 539 491 ita
570 449 755 490 inserere
787 451 943 497 oportet
974 448 1276 501 referentem
1307 446 1361 487 acl
1397 446 1606 500 fructum,
1647 453 1742 484 cum

185 518 423 560 antecedat
471 516 714 559 infinitivus
757 516 877 558 cuius
919 528 995 568 pro
1039 515 1233 558 subiecto
1279 514 1560 557 accusativus
1605 513 1741 567 parti-

186 589 289 641 cipii
322 587 464 641 accipi
496 586 649 640 possit.

450 798 526 840 De
558 796 868 839 enuntiatis
902 796 1157 839 relativis
1190 796 1230 851 (3²
1266 798 1470 847 26—31).

900 866 925 923 ξ
960 872 1026 908 26.

299 941 363 983 Ut
402 938 657 981 Wolfflinus
701 937 855 994 (Arch.
889 938 958 982 VI
1001 938 1100 991 101)
1144 936 1195 979 de
1234 936 1381 979 Asinii
1421 936 1615 978 Polionis
1657 937 1741 985 vel,

181 1015 231 1054 ut
271 1011 444 1054 cautius
487 1011 731 1062 loquamur,
772 1009 823 1051 de
863 1009 980 1051 Belli
1011 1007 1155 1050 Africi
1193 1007 1386 1050 auctoris
1424 1019 1504 1049 usu
1543 1007 1742 1050 enuntia-

182 1085 325 1124 torum
357 1081 639 1123 relativorum
673 1080 890 1122 disserens
922 1079 1206 1122 vehementer
1245 1077 1471 1130 vituperat
1509 1078 1742 1131 neglegen-

182 1153 290 1195 tiam
331 1152 558 1205 scriptoris
597 1151 669 1204 qui
706 1162 1011 1202 nonnunquam
1052 1148 1281 1191 enuntiato
1322 1147 1512 1190 relativo
1555 1148 1743 1190 alterum

183 1223 458 1266 enuntiatum
501 1222 566 1264 ita
609 1223 821 1264 adnectat
862 1224 911 1262 ut
954 1232 1008 1262 ex
1049 1232 1102 1261 ea
1144 1231 1254 1271 quae
1298 1218 1464 1271 scripta
1508 1218 1568 1261 sit
1601 1218 1742 1261 forma

181 1293 444 1347 pronominis
476 1292 656 1336 relativi
688 1292 799 1334 alius
833 1303 961 1334 casus
994 1290 1052 1332 ad
1084 1290 1271 1332 alteram
1311 1289 1532 1331 enuntiati
1570 1292 1742 1342 partem

185 1364 507 1408 subaudiendus
540 1364 618 1406 sit:
659 1363 721 1406 sic
755 1362 919 1415 eadem,
953 1361 990 1403 si
1022 1360 1078 1403 ad
1109 1361 1353 1406 Varronem
1385 1360 1625 1413 rettuleris,
1659 1372 1743 1402 non

185 1435 324 1478 minus
356 1438 478 1477 recte
512 1434 723 1476 dicentur.

301 1504 388 1548 Sed
430 1506 539 1547 haec
584 1505 681 1558 ipsa
724 1515 859 1546 causa
902 1502 1014 1554 quod
1055 1500 1251 1544 videmus
1293 1503 1522 1553 utrumque
1564 1501 1609 1543 in
1653 1501 1743 1543 ista

184 1579 410 1620 structura
444 1575 719 1618 admittenda
752 1573 835 1616 sibi
866 1573 1113 1627 indulgere,
1148 1584 1197 1613 eo
1229 1584 1307 1613 nos
1341 1571 1531 1613 adducet
1562 1584 1616 1613 ne
1648 1584 1742 1625 per—

181 1659 354 1691 versum
396 1646 601 1689 iudicium
643 1645 854 1697 feramus,
896 1656 990 1686 cum
1035 1642 1233 1685 concludi
1264 1642 1363 1684 inde
1395 1642 1531 1684 liceat
1563 1655 1649 1684 non
1680 1642 1743 1684 in-

182 1718 380 1761 auditam
411 1729 550 1769 neque
583 1716 691 1759 adeo
723 1727 868 1757 raram
902 1726 997 1756 eam
1029 1713 1165 1755 fuisse
1203 1713 1247 1754 in
1280 1725 1476 1755 sermone
1508 1712 1741 1755 cotidiano.

183 1787 325 1843 Quid?
357 1787 470 1840 quod
501 1799 555 1829 ne
588 1786 740 1829 Cicero
771 1785 942 1838 quidem
965 1809 1020 1814 —
1042 1787 1092 1826 ut
1116 1786 1285 1826 ceteros
1308 1783 1664 1836 praetermittam
1688 1808 1743 1813 —

184 1858 393 1902 eiusmodi
424 1856 708 1912 neglegentia
742 1869 788 1898 se
821 1855 1051 1904 abstinuit,
1086 1855 1163 1897 sed
1194 1867 1279 1896 non
1312 1854 1448 1896 solum
1476 1854 1589 1896 hanc
1611 1854 1742 1896 licen-

185 1930 294 1972 tiam
328 1929 411 1971 sibi
443 1928 587 1976 sumit,
621 1940 771 1971 verum
805 1927 939 1969 etiam
973 1926 1095 1968 illam
1127 1928 1176 1967 ut
1208 1937 1262 1966 ex
1294 1924 1522 1967 enuntiato
1555 1925 1742 1968 relativo

182 2000 228 2043 in
261 1999 653 2043 demonstrativum
683 1997 944 2053 transeatl).

300 2071 397 2113 Iam
445 2069 726 2115 Varroniana
780 2068 980 2120 exempla
1032 2070 1081 2109 ut
1132 2079 1208 2120 per
1258 2078 1421 2120 genera
1470 2065 1742 2120 distribuam,

182 2141 338 2195 prioris
378 2141 552 2195 generis
591 2143 693 2183 sunt
731 2139 777 2181 hi
814 2139 915 2181 loci:
964 2139 1039 2181 IX
1079 2142 1099 2178 7
1141 2153 1247 2193 quae
1277 2143 1461 2189 possam
1499 2140 1584 2181 diez·
1621 2143 1744 2193 atque

184 2214 275 2256 illio
308 2213 516 2267 praeterii
558 2214 603 2253 et
634 2211 659 2253 Ι
695 2214 759 2264 1,7
798 2213 849 2255 in
887 2211 982 2265 quis
1019 2223 1124 2261 quae
1155 2224 1246 2252 non
1277 2210 1456 2252 inerant
1487 2214 1525 2252 et
1555 2222 1741 2263 (litaeres,

187 2283 342 2336 quibus
386 2295 439 2324 ex
480 2281 744 2334 pronominis
786 2279 1054 2323 nominativo
1093 2295 1199 2335 qaae
1240 2278 1483 2321 accusativi
1525 2277 1644 2320 notio
1688 2278 1745 2320 ad

188 2354 374 2396 alterum
412 2353 590 2395 verbum
623 2351 931 2394 transferenda
964 2353 1032 2392 est
1051 2348 1097 2405 2),
1133 2362 1227 2391 cum
1266 2361 1319 2391 ex
1357 2349 1609 2392 accusativo
1641 2362 1737 2403 pro-

284 2505 314 2549 1)
340 2503 396 2539 De
430 2503 556 2538 haere
583 2506 620 2538 et
647 2502 689 2537 de
710 2501 946 2546 sequentibus
972 2500 1036 2535 cfr.
1064 2499 1195 2544 Reisig
1219 2511 1301 2544 pag.
1331 2501 1395 2534 111
1423 2503 1498 2535 not.
1519 2501 1605 2544 3733
1623 2500 1741 2535 Kiihn.

183 2574 217 2607 p.
247 2563 334 2606 8743
371 2562 538 2597 Sehmalz
565 2562 624 2604 sy.
661 2562 681 2607 ἓ
717 2563 794 2596 246.
845 2561 1043 2604 Perperam
1075 2559 1244 2593 Kiihnast
1270 2558 1348 2594 Liv.
1376 2558 1478 2602 Synt.
1511 2570 1543 2603 p.
1571 2559 1616 2594 58
1651 2563 1741 2595 extr.

185 2621 264 2667 (cfr.
291 2633 325 2665 p.
354 2621 420 2655 195
454 2620 560 2665 med.)
587 2623 811 2655 structuram
838 2630 856 2654 e
884 2620 1024 2653 Graeca
1049 2617 1251 2662 profectam
1278 2628 1358 2652 esse
1386 2617 1587 2652 contendit.

281 2680 310 2725 ²)
336 2679 458 2715 Ceteri
492 2684 661 2715 auctores
695 2689 738 2714 ea
770 2689 809 2714 re
842 2678 1015 2712 differunt
1048 2688 1069 2711 a
1102 2677 1281 2719 Varrone,
1310 2676 1403 2719 quod
1430 2677 1526 2720 apud
1553 2687 1633 2719 eos,
1662 2686 1741 2712 cum

183 2749 254 2774 non
279 2737 335 2773 ita
359 2749 442 2773 raro
469 2748 513 2773 ex
536 2737 759 2783 pronominis
784 2736 931 2773 relativi
957 2746 1038 2781 gen.
1059 2734 1130 2770 dat.
1153 2735 1222 2769 abl.
1248 2735 1509 2779 intelligendus
1537 2735 1586 2770 sit
1604 2735 1737 2771 nomin.

186 2801 252 2832 aut
277 2807 413 2840 accus„
439 2796 626 2832 rarissime
652 2800 795 2831 tautum
823 2806 866 2830 ex
890 2794 1113 2829 nominativo
1139 2794 1318 2828 transitur
1343 2793 1389 2828 ad
1415 2793 1617 2829 accusativi
1645 2793 1741 2839 noti<

187 2866 301 2892 onem.
351 2855 422 2891 Ubi
449 2859 571 2891 autem
597 2854 740 2898 accidit,
768 2865 810 2890 ea
836 2853 967 2889 saltem
999 2863 1038 2888 re
1065 2851 1218 2888 durities
1247 2852 1506 2896 quodammodo
1534 2852 1740 2897 mitigatur,

1479 2921 1529 2957 3*
