1833 3048
733 24 993 61 -8-

206 135 408 188 Denique
448 136 604 178 omisso
636 148 678 179 v.
712 152 796 181 esse
833 136 996 190 legitur
1026 137 1095 180 VI
1131 141 1180 177 18
1224 153 1314 182 non
1354 140 1483 182 multo
1525 141 1639 183 enim

81 213 178 264 post
220 209 289 251 hic
329 209 417 251 dies
459 223 586 263 quam
626 210 813 251 decessus
851 209 1071 252 Gallorum
1109 224 1159 252 ex
1195 211 1306 253 urbe.
1370 207 1637 251 Adverbium

86 283 179 334 post
211 277 362 319 Cicero
394 289 477 319 uno
519 277 763 319 orationum
795 277 888 319 loco
921 290 1015 319 cum
1055 278 1189 320 verbo
1231 277 1509 320 substantivo
1543 290 1638 319 con-

89 347 232 389 iunxit
289 351 421 399 atque
476 359 530 389 ne
588 359 636 389 eo
679 347 849 399 quidem
897 348 1127 401 temporali
1168 348 1344 391 notione
1386 347 1463 390 sed
1509 348 1638 390 locali

91 417 184 474 (qui
207 423 304 474 post
335 423 457 462 erant
487 417 636 459 Milon.
672 416 758 471 29).

823 534 845 587 ἓ
871 537 909 574 2.

210 616 278 658 De
327 615 483 658 omisso
530 615 784 668 praedicato
836 628 946 668 quae
993 617 1048 658 ab
1092 615 1335 658 Schmalzio
1384 614 1508 669 Synt.
1554 616 1575 669 ξ
1617 620 1639 656 8

93 686 375 735 adnotantur,
419 686 464 728 in
507 685 569 728 eis
611 687 752 730 Varro
794 699 879 728 non
916 686 1046 729 valde
1079 698 1104 728 a
1139 689 1379 728 ceterorum
1417 689 1642 728 auctorum

93 768 172 798 usu
213 756 393 798 recedit.
456 755 643 798 Dicendi
684 757 820 799 verba
862 768 946 798 non
988 768 1087 798 raro
1119 755 1185 797 ita
1219 755 1397 805 omittit,
1441 758 1490 798 ut
1533 756 1643 798 haec

93 826 351 869 transeundi
383 825 568 868 formula
599 825 797 880 legatur:

516 898 633 941 Haeo
663 899 742 940 hie.
775 898 833 940 At
865 898 910 950 Q.
943 898 1164 941 Lucienus
1197 896 1265 948 (ΙΙ
1289 896 1376 950 5‚1)

517 969 634 1011 Haec
664 969 743 1011 hio.
776 969 834 1011 At
866 969 1067 1011 Murrius
1100 967 1178 1019 (ΙΙ,
1215 967 1301 1020 6,1)

517 1039 602 1081 Hic
631 1040 743 1082 haec.
777 1039 834 1081 At
864 1039 1015 1093 Scrofa
1049 1036 1091 1091 (I
1125 1037 1242 1091 22‚6)

518 1109 607 1152 Nos
637 1110 746 1152 haec.
778 1110 835 1152 At
866 1110 1065 1164 strepitus
1098 1108 1190 1159 (ΙΙΙ
1226 1109 1365 1159 17,10)

214 1179 290 1221 cfr.
313 1179 364 1221 ΙΙ
386 1182 509 1230 11,12
532 1178 612 1221 Illi
643 1180 729 1233 hoo,
763 1194 897 1233 neque
927 1180 977 1222 ab
1007 1180 1083 1221 hoo
1115 1181 1197 1219 etc.

217 1249 436 1293 Sermonis
461 1248 672 1291 cotidiani
693 1248 1003 1303 neglegentiae
1035 1248 1144 1290 haec
1177 1259 1343 1300 quoque
1366 1246 1645 1289 conveniunt:

214 1321 239 1363 I
262 1325 328 1368 2,1
365 1321 479 1373 Quid
509 1336 579 1363 ros
609 1320 708 1363 hie?

213 1391 238 1433 Ι
261 1395 356 1439 2,11
391 1391 474 1434 Illi
504 1392 669 1434 interea
700 1391 755 1434 ad
785 1404 863 1433 nos

98 1461 252 1514 quibus
272 1473 365 1503 cum
388 1459 533 1503 verbis
557 1459 632 1501 cfr.
653 1460 728 1501 III
751 1463 875 1502 17.10
899 1457 974 1512 (At
990 1460 1190 1513 strepitus
1208 1459 1256 1502 ab
1278 1459 1426 1502 dextra
1448 1463 1484 1501 et
1506 1459 1649 1501 canoli-

96 1535 221 1576 dalus
252 1537 422 1575 noster.
451 1561 459 1570 .
486 1564 492 1571 .
529 1532 578 1574 in
608 1532 764 1573 villam.
797 1530 883 1573 Ille
914 1531 1015 1573 inde
1047 1531 1151 1573 endo
1183 1544 1305 1573 suam
1335 1530 1504 1572 domurn
1536 1526 1645 1581 etc.)

99 1605 144 1644 et
175 1602 324 1644 Kiihn.
372 1615 412 1654 p.
450 1604 618 1654 1046,7.

216 1673 242 1715 Ι
275 1676 371 1725 20‚3
394 1671 451 1713 in.
487 1673 599 1725 Quos
630 1672 685 1715 ad
715 1675 907 1713 vecturas
940 1668 1050 1721 (scil.
1086 1668 1267 1723 emeris).

218 1743 269 1785 ΙΙ
306 1746 399 1796 1,23
432 1743 541 1786 Item
572 1743 627 1786 acl
658 1743 764 1785 alios
794 1742 956 1784 morbos
987 1741 1098 1784 aliae
1129 1754 1292 1784 causae.

217 1813 260 1857 V
294 1817 345 1853 29
387 1814 549 1856 Tiberis
573 1847 581 1855 ,
602 1844 637 1853 ,,
665 1813 777 1856 mihil
805 1812 913 1854 <ad>
943 1808 1202 1860 ἔτυμολόγον
1224 1811 1418 1863 latinum,
1454 1815 1512 1863 ul,
1546 1811 1654 1864 quod

102 1886 242 1928 oritur
273 1899 325 1928 ex
356 1884 545 1936 Samnio,
587 1884 822 1926 Volturnus
853 1882 966 1925 nihil
997 1883 1051 1924 acl
1083 1882 1263 1924 latinam
1296 1882 1499 1936 linquam.

222 1955 265 1998 V
308 1957 360 1994 32
410 1969 590 2009 quorum
631 1955 837 2009 eyreyiam
878 1953 1107 2007 imayinem
1153 1967 1204 1994 ew
1249 1966 1343 1994 aere
1388 1951 1654 2006 Pfflmyoras

112 2026 291 2069 Tarenti
323 2025 395 2077 (sc.
427 2022 559 2080 fecit).

222 2094 290 2137 VI
324 2099 375 2135 20
410 2096 519 2149 quocl
551 2099 641 2137 tum
664 2128 672 2136 .
698 2128 706 2136 .
732 2127 740 2136 .
765 2095 814 2137 ab
851 2093 1134 2136 sacerdotibus
1166 2093 1257 2135 lucli
1287 2092 1355 2134 illi
1386 2092 1537 2146 quibus
1568 2091 1652 2132 etc.

223 2165 291 2209 VI
324 2168 377 2205 40
413 2181 432 2208 e
454 2166 604 2219 quibus
635 2169 683 2207 ut
713 2165 807 2207 dimi
839 2178 944 2218 quae
968 2163 1226 2218 poterimus)-

106 2235 246 2278 multa
279 2234 368 2276 alia
400 2247 511 2286 quae
542 2246 627 2275 non
660 2246 872 2275 enumero.

223 2305 324 2346 Non
356 2307 505 2346 tamen
537 2304 643 2346 licet
676 2316 749 2346 eos
781 2303 898 2345 locos
930 2303 1014 2344 huc
1044 2302 1207 2344 referre
1241 2301 1394 2354 quibus
1427 2299 1539 2352 quod
1560 2311 1654 2343 ver-

106 2376 206 2417 bum
239 2375 579 2417 subaudiendum
619 2374 692 2427 sit,
738 2386 792 2416 ex
833 2373 923 2415 alia
966 2372 1156 2415 eiusdem
1187 2370 1496 2424 propositionis
1527 2372 1656 2423 parte

109 2445 311 2499 cognosci
332 2447 493 2498 potest,
527 2445 650 2488 velut
672 2445 697 2487 I
721 2448 786 2499 7,7
823 2477 829 2484 .
855 2477 861 2484 .
893 2476 900 2484 .
925 2449 1027 2488 sunt
1058 2459 1163 2498 quae
1193 2458 1284 2487 non
1307 2447 1492 2497 possunt
1521 2443 1658 2484 vii-ere

107 2519 198 2561 nisi
221 2551 230 2560 .
256 2546 264 2555 .
291 2551 298 2559 .
325 2550 333 2559 .
356 2518 407 2560 in
437 2518 562 2571 mari,
595 2521 644 2559 ut
664 2517 867 2560 scribit
895 2515 1211 2570 Theophrastus
1234 2514 1404 2569 palmas
1425 2517 1461 2556 el
1481 2513 1658 2567 squillas

111 2584 326 2643 [squillam
357 2584 465 2642 cod]

841 2656 862 2710 ξ
888 2659 926 2696 3.

230 2737 423 2791 Copulae
454 2750 558 2782 vero
590 2737 731 2791 ellipsi
769 2740 818 2780 ut
851 2736 966 2791 apud
998 2740 1166 2779 ceteros
1205 2737 1407 2778 auctores
1440 2733 1503 2777 sic
1545 2732 1659 2786 apud

113 2809 355 2853 Varronem
403 2834 457 2839 —
505 2809 765 2862 praesertim
806 2808 850 2851 in
893 2808 955 2850 eis
997 2807 1203 2850 librorum
1245 2805 1297 2848 de
1338 2805 1366 2847 1.
1399 2805 1426 2847 1.
1459 2803 1659 2858 partibus
