1787 3043
147 131 224 169 196
458 142 511 169 DE
541 141 698 170 mimo.
732 143 780 169 ET
810 142 1069 169 PARTmums.
1116 142 1208 170 CAP.
1234 143 1323 170 xlv,

146 253 214 293 Sic
239 257 451 292 corrector
473 253 648 306 oblongi
669 268 743 308 pro
767 257 865 294 nihil
887 270 967 294 esse
988 257 1029 294 in
1043 261 1269 308 promptum
1283 258 1315 294 si
1329 266 1466 308 corpus
1480 259 1646 298 mixtum

146 323 263 360 inani.

257 402 292 426 e.
326 387 383 426 Na·
403 386 439 436 Ι,
457 388 557 428 3792
584 387 625 427 ni
647 392 817 441 spatium
840 390 1022 428 dederint
1043 391 1205 429 latices?
1240 387 1327 438 III,
1345 390 1446 429 286:
1470 396 1516 430 ut
1537 394 1648 444 quid-

144 459 233 495 dam
264 459 345 495 fieri
380 459 559 496 videatur
592 459 639 496 ab
672 460 851 496 omnibus
883 473 1016 505 unum,
1050 456 1092 494 ἠέ
1121 460 1224 496 calor
1251 473 1293 496 ae
1315 464 1455 498 ventus
1477 475 1649 499 seorsum

145 540 394 576 seorsumque
416 530 590 577 potestas
613 528 710 564 aeris
730 529 969 564 interemant
995 540 1161 564 sensum.
1204 524 1256 574 V,
1283 525 1377 565 207.
1403 526 1496 565 293.

256 590 284 630 f.
318 590 421 630 Nive
442 591 504 641 ΙΙ,
530 592 629 631 734:
656 591 743 631 nive
766 595 885 632 alium
907 596 1096 645 quemvis,
1125 609 1201 645 quo
1228 599 1321 632 sunt
1349 596 1487 634 inbuta
1508 598 1648 644 colore,

144 666 351 713 propterea
372 676 505 711 gerere
527 664 631 700 hunc
653 663 796 710 eredas,
821 664 925 713 quod
948 664 1068 710 cett„
1093 675 1132 699 v.
1158 660 1334 700 Lachm.

255 742 297 780 g.
333 728 471 778 Quasi.
507 731 545 780 a)
569 727 842 781 coniungitur
865 742 960 767 cum
982 728 1111 767 verbo
1134 727 1272 778 finito,
1297 733 1341 768 et
1363 728 1530 782 quidem
1555 744 1650 770 eum

145 794 433 844 coniunctivo,
462 800 510 834 ut
538 795 725 848 positum
755 796 810 835 sit
831 811 904 850 pro
928 811 1042 850 qnam
1062 796 1113 842 si,
1147 800 1188 835 at
1209 797 1258 836 si.
1302 797 1380 847 IV,
1405 799 1504 838 995:
1536 802 1651 851 fugae

143 864 257 918 qnasi
290 867 424 904 dedita
457 870 629 904 cernant.
671 879 711 904 v.
742 866 849 904 1016
878 879 940 917 sq.
984 864 1037 913 Y,
1066 865 1140 904 729
1167 865 1334 915 proinde
1361 865 1474 919 quasi
1502 869 1542 906 id
1569 870 1651 907 fieri

144 940 312 985 nequeat
346 935 450 984 quod
483 938 635 985 pugnat
667 939 843 985 uterque.
889 932 963 982 VI,
993 934 1088 973 434.
1126 934 1204 973 516
1233 947 1296 985 sq.
1336 933 1450 986 quasi
1490 959 1528 963 -
1567 951 1652 975 cera

145 1005 348 1054 liquescat.
389 1015 429 1042 V.
454 1002 552 1040 971:
578 1005 711 1041 effluat
733 1005 947 1041 ambrosiae
969 1000 1083 1054 quemi
1104 1018 1192 1042 vere
1215 1007 1254 1041 et
1276 1005 1435 1041 nectari'
1458 1005 1615 1043 linctus.

254 1070 288 1124 ρ’)
333 1068 513 1108 Ponitur
544 1067 587 1107 in
621 1074 841 1109 eontracta
876 1068 1174 1109 enunciatione
1208 1069 1391 1109 relatum
1431 1069 1484 1109 ad
1525 1085 1651 1111 unam

144 1136 377 1176 notionem.
421 1137 457 1186 Ι,
482 1138 559 1177 947
590 1156 629 1171 =
657 1137 735 1187 IV,
762 1139 827 1177 22.
864 1137 899 1187 I,
926 1140 1052 1178 1085:
1078 1144 1117 1178 et
1139 1137 1252 1191 qnasi
1274 1144 1429 1178 terreno
1452 1155 1549 1191 quae
1572 1155 1652 1180 eor-

144 1223 236 1260 pore
264 1209 551 1246 contineantur.
593 1204 654 1254 ΙΙ,
681 1207 746 1245 69.
775 1207 838 1246 79.
865 1207 958 1246 135.
984 1207 1083 1246 152:
1115 1210 1235 1246 aerias
1265 1206 1379 1259 qnasi
1407 1209 1501 1246 dum
1529 1210 1652 1248 diver-

143 1279 253 1314 beret
276 1278 411 1314 undas.
452 1288 492 1312 v.
519 1275 619 1313 291:
646 1280 684 1313 et
707 1277 888 1314 devincta
910 1273 984 1326 (sie
1006 1273 1234 1326 Briegerus
1249 1273 1592 1325 Philol.XX1V,
1610 1276 1650 1322 3,

144 1358 184 1396 p.
208 1344 303 1394 439)
327 1342 439 1396 quasi
462 1348 625 1394 cogatur
646 1346 743 1382 ferre
766 1347 937 1395 patique.
972 1342 1058 1392 ΙΙΙ,
1084 1343 1177 1382 131.
1204 1344 1296 1382 595.
1333 1341 1411 1391 IV,
1437 1344 1530 1383 190.
1555 1345 1650 1384 989.

144 1413 250 1452 1022
267 1427 273 1448 :
299 1410 412 1464 qnasi
431 1414 620 1450 mentibu’
637 1414 752 1464 capti.
786 1425 826 1450 V.
846 1412 971 1451 1035:
997 1411 1110 1464 quasi
1123 1414 1330 1450 transactis
1345 1414 1519 1450 omnibu'
1533 1415 1652 1452 rebu'.

152 1479 203 1528 V,
231 1480 323 1519 287.
358 1480 452 1518 299.
483 1480 576 1519 360.
606 1480 701 1519 496.
738 1480 831 1518 665.
866 1480 958 1519 710.
985 1480 1076 1520 778.
1123 1478 1200 1528 VI,
1227 1480 1412 1518 22.142.
1439 1480 1531 1519 282.
1557 1481 1651 1520 344.

151 1550 246 1588 445.
270 1549 366 1588 482.
391 1548 484 1587 493.
512 1548 605 1587 571.

261 1617 294 1670 y)
333 1615 443 1655 Hine
478 1614 548 1664 fit,
586 1619 633 1654 ut
666 1615 893 1655 obscurata
927 1614 1240 1668 significatione
1274 1613 1589 1654 coniunctionis
1621 1615 1656 1655 82]

150 1684 275 1737 plane
298 1698 371 1737 pro
396 1688 437 1723 ut
458 1682 647 1738 positum
667 1683 877 1723 videatur.
920 1683 1099 1722 Duobus
1122 1683 1226 1722 loeis
1249 1683 1480 1737 respondet
1503 1683 1541 1723 ei
1565 1683 1657 1723 item

151 1752 415 1793 adverbium.
464 1752 551 1802 ΙΙΙ,
586 1753 685 1792 493:
723 1768 839 1804 agens
872 1755 1041 1792 animam
1073 1758 1241 1805 spumat,
1274 1752 1388 1805 quasi
1419 1756 1460 1792 in
1491 1769 1657 1805 aequore

150 1825 249 1862 salso
272 1827 478 1861 ventorum
508 1824 646 1860 validis
674 1824 895 1861 fervescunt
916 1824 1062 1860 viribus
1083 1823 1223 1860 undae.
1265 1819 1317 1870 V,
1342 1822 1442 1860 549:
1474 1827 1656 1874 certaque

150 1907 236 1944 pars
270 1894 363 1939 eius,
398 1889 512 1942 quasi
544 1893 656 1930 nobis
689 1893 874 1938 membra,
907 1892 1102 1929 videntur.
1152 1888 1229 1938 VI,
1261 1889 1359 1928 877:
1399 1888 1513 1942 quasi
1544 1905 1657 1942 saepe

149 1962 282 2011 gelum
311 1983 349 1986 -
377 1962 516 1998 mittit.
560 1973 599 1997 v.
626 1958 752 1998 1032:
783 1961 909 1997 trudit
931 1964 970 1998 et
990 1961 1160 2010 inpellit,
1189 1956 1302 2010 quasi
1330 1973 1467 1997 navem
1494 1961 1656 2010 velaque

149 2034 302 2067 ventus.
355 2026 416 2076 ΙΙ,
451 2027 551 2067 453:
594 2042 760 2079 namque
795 2030 994 2079 papaveris
1028 2029 1189 2066 haustus
1223 2025 1354 2065 icemst
1387 2029 1511 2065 facilis
1544 2025 1657 2079 quasi

149 2112 348 2148 aquarum.
391 2094 470 2144 IV,
498 2096 712 2134 161—163
737 2093 818 2133 sibi
839 2093 1100 2147 respondent
1121 2094 1234 2148 qnasi
1262 2119 1300 2122 —
1329 2093 1385 2133 sie
1413 2118 1452 2122 —
1480 2092 1584 2133 item.

260 2164 292 2215 ὅ)
322 2162 435 2216 qna-sc*
455 2163 489 2202 si
513 2161 673 2202 dictum
697 2167 761 2202 est
784 2162 863 2211 IV,
891 2164 1015 2202 1014:
1049 2162 1162 2215 quasi
1190 2162 1224 2200 .ςῖ’
1244 2166 1475 2214 iugulentur
1495 2165 1655 2202 ibidem.

260 2232 302 2271 h.
337 2231 388 2270 In
423 2230 706 2271 disiunctione
741 2230 911 2285 ponitur
945 2230 1041 2276 sive,
1075 2245 1157 2269 sen.
1208 2231 1246 2283 α)
1280 2230 1369 2269 Sive
1398 2230 1467 2270 vel
1493 2244 1559 2269 seu
1589 2229 1655 2270 bis

149 2300 218 2339 vel
241 2298 407 2353 saepius
430 2299 465 2338 si
486 2299 672 2353 ponitur,
698 2303 1011 2353 componuntur
1025 2298 1213 2338 membra
1228 2298 1434 2352 aequalia,
1459 2297 1571 2351 quod
1592 2297 1655 2347 fit,

151 2367 221 2407 ubi
244 2367 478 2418 dubitatur,
509 2367 610 2421 quid
639 2367 749 2407 inter
778 2367 1009 2421 complura,
1040 2381 1145 2419 quae
1173 2366 1264 2407 fieri
1291 2371 1486 2420 possunt,
1510 2380 1656 2406 verum

149 2436 219 2476 sit.
263 2436 298 2485 Ι,
325 2437 541 2476 977—979
565 2440 643 2476 sive
672 2461 711 2465 —-
740 2440 831 2476 sive.
873 2434 958 2485 ΙΙΙ,
985 2437 1085 2475 251:
1111 2434 1191 2474 Sive
1213 2439 1395 2488 voluptas
1417 2440 1475 2475 est
1497 2433 1578 2473 Sive
1599 2440 1658 2474 est

149 2509 365 2546 contrarius
387 2508 511 2544 ardor.
553 2519 593 2543 v.
619 2507 695 2544 521
721 2519 806 2557 sq.:
840 2521 931 2556 ergo
960 2507 1111 2544 animus
1141 2503 1222 2542 sio-e
1243 2507 1445 2556 aegrescit,
1476 2506 1658 2543 mortalia

148 2577 259 2625 signa
281 2577 423 2622 mittit,
446 2576 506 2612 uti
528 2576 655 2622 docui,
683 2586 747 2612 seu
771 2576 945 2613 flectitur
965 2588 986 2611 a
1007 2575 1212 2612 medicina.
1254 2571 1333 2621 IV,
1360 2573 1465 2611 1053
1490 2585 1552 2623 sq.
1577 2570 1658 2610 sive

148 2658 242 2694 puer
263 2645 446 2682 membris
468 2644 724 2682 muliebribus
746 2645 850 2681 hune
872 2644 1065 2681 iaculatur
1085 2654 1150 2679 sev
1182 2643 1324 2680 mulier
1353 2645 1440 2680 toto
1468 2643 1616 2679 iactans
1639 2655 1657 2678 e

148 2726 307 2761 corpore
329 2726 510 2749 amorem.
546 2723 585 2747 V-
605 2710 733 2748 1232:
759 2709 840 2748 sive
861 2713 988 2748 virum
1010 2712 1164 2748 suboles
1186 2708 1305 2761 Sia-est
1318 2710 1521 2748 muliebris
1536 2710 1656 2758 origo.

147 2777 199 2825 Υ,
227 2779 446 2818 519—523
477 2776 557 2816 sive
586 2777 688 2829 quod
719 2802 759 2806 ——
795 2776 876 2816 „unice
897 2780 1055 2817 aliunde
1086 2780 1207 2816 fluens
1236 2801 1275 2806 —
1304 2782 1369 2816 aer
1389 2781 1518 2815 versat
1539 2791 1656 2827 agens
