1787 3043
207 89 258 129 68

149 214 218 254 alii
250 238 301 242 ——
334 225 430 253 cum
478 213 619 253 dativo
664 225 754 253 rem
792 213 833 253 in
872 226 1000 266 quam
1036 214 1154 255 verbi
1193 216 1304 256 actio
1336 216 1481 256 tendat
1514 217 1641 268 signi-

150 281 267 322 ficari
311 284 472 333 putent,
513 293 597 332 qua
626 281 668 320 in
698 293 744 321 re
775 280 828 321 ab
861 283 1107 323 accusativo
1138 283 1197 323 ita
1229 283 1404 334 differat,
1437 289 1481 324 ut
1513 296 1641 324 accu-

150 349 311 389 sativus
357 348 410 388 ad
457 348 687 388 adventum
732 349 873 400 potius
918 355 959 389 et
995 350 1227 391 introitum.
1267 351 1433 391 dativus
1465 351 1517 392 ad
1548 364 1641 392 mo—

149 416 275 457 vendi
298 420 440 456 actum
459 420 623 467 spectet
640 417 683 469 1).
729 416 835 457 Huic
854 419 1089 459 sententiae
1107 418 1421 467 Delbrueckius‚
1446 431 1543 459 cum
1565 432 1642 460 an—

149 491 221 526 tea
252 497 296 526 se
328 485 611 537 applicuisset,
646 487 887 537 nuperrime
920 488 977 539 (set
1007 488 1049 527 in
1081 487 1117 527 A
1136 487 1164 529 S
1195 492 1236 528 et
1266 488 1308 527 in
1340 487 1472 541 Synt.)
1495 488 1644 529 adver-

153 558 272 594 satus
317 558 381 594 est
425 553 479 593 ad
524 553 866 594 adversariorum
908 559 1074 606 partem
1106 556 1309 607 paulatim
1340 560 1644 607 transgressus.

151 621 214 662 Ac
259 620 537 662 Delbrueckio
585 621 753 673 quidem
786 634 811 662 a
840 621 963 662 nobis
1007 628 1069 663 est
1102 623 1422 664 concedendum
1456 624 1644 664 dativum

148 695 237 730 tam
270 701 368 729 raro
400 688 523 729 locali
554 688 861 740 significatione
892 690 934 729 in
963 690 1114 742 linguis
1144 691 1501 742 indogermanicis
1523 704 1644 732 usur-

150 762 300 810 patum
341 768 446 807 esse‚
479 761 525 796 ut
556 757 803 797 universum
835 757 964 797 dativi
994 771 1119 798 usum
1151 759 1185 798 si
1217 759 1493 810 respiciamus
1524 758 1646 800 facile

149 826 204 866 ad
235 825 558 877 grammaticam
592 825 811 865 notionem
835 825 1144 866 defendendam
1165 827 1295 866 simus
1312 827 1523 878 propensi.
1568 826 1646 867 Alii

153 906 255 935 vero
298 893 412 946 quod
443 893 609 933 dativus
640 893 764 944 vulgo
797 893 920 933 locali
951 898 1105 934 natura
1138 893 1306 934 abiecta
1336 894 1390 934 ad
1419 907 1488 935 res
1519 906 1647 935 sensu

150 962 287 1013 magis
333 961 573 1002 abstractas
618 961 829 1001 adhibitus
875 966 949 1012 est2
991 962 1033 1002 id
1073 975 1123 1003 ea
1160 975 1205 1003 re
1236 962 1395 1002 sactum
1429 974 1521 1003 esse
1552 975 1646 1003 mo-

152 1035 267 1072 nent.
315 1029 428 1081 quod
474 1029 755 1076 accusativus,
804 1035 847 1069 ut
881 1035 944 1070 est
976 1043 1102 1070 casus
1134 1031 1302 1082 proprie
1333 1029 1527 1080 verbalis,
1560 1031 1647 1071 sive

154 1099 293 1140 nudus
339 1099 426 1138 sive
464 1110 485 1138 e
522 1098 836 1149 praepositione
868 1098 1059 1150 pendens
1092 1098 1145 1138 ad
1178 1103 1341 1139 motum
1374 1097 1522 1150 aliquo
1556 1111 1647 1140 ver-

152 1181 245 1208 sum
293 1165 615 1218 exprimendum
662 1166 830 1217 saepius
876 1166 1039 1218 positus
1081 1167 1146 1207 sit.
1205 1167 1344 1218 Atque
1374 1167 1648 1207 remotiorem

153 1235 282 1276 dativi
325 1235 442 1274 latini
488 1234 707 1274 notionem
746 1246 768 1274 e
809 1235 932 1274 locali
976 1247 1056 1274 usu
1103 1234 1299 1274 facillime
1332 1234 1430 1274 oriri
1460 1235 1648 1286 potuisse

156 1303 279 1344 nobis
324 1302 568 1343 testimonio
613 1306 712 1342 sunt
743 1302 910 1353 linguae
940 1303 1215 1353 germanicae
1247 1307 1287 1342 et
1317 1303 1577 1353 romanicae,
1608 1302 1651 1342 in

154 1371 307 1424 quibus
345 1371 511 1410 dativus
542 1369 927 1422 praepositionibus
959 1371 1138 1422 exprimi
1171 1370 1279 1410 solet
1310 1382 1419 1422 quae
1451 1370 1502 1410 de
1532 1374 1651 1410 motu

156 1440 326 1492 proprie
357 1443 627 1490 usurpantur.
672 1438 792 1479 Adde
825 1438 938 1490 quod
968 1438 1010 1478 in
1042 1438 1213 1479 sennica
1244 1438 1385 1489 lingua
1407 1438 1535 1478 dativi
1555 1452 1650 1479 mu-

152 1520 253 1549 nere
302 1508 535 1558 i'unguntur
581 1519 719 1557 casus,
767 1519 874 1558 quos
906 1511 1083 1558 apparet
1113 1507 1271 1547 locales
1303 1519 1410 1548 esse.
1442 1507 1647 1558 allativus‚

152 1578 275 1618 cuius
320 1575 687 1627 frequentissiimls
732 1587 834 1615 usus
865 1575 1010 1616 localis
1042 1579 1118 1625 est,
1153 1580 1194 1615 et
1224 1575 1647 1626 genetivus-dativus,

153 1657 282 1698 quem
314 1656 463 1685 casum
495 1656 516 1683 e
548 1648 691 1684 vetere
722 1644 850 1684 lativo
883 1649 1022 1684 ortum
1056 1655 1152 1684 esse
1185 1648 1366 1684 constat.
1407 1642 1567 1693 Quibus
1599 1642 1649 1683 de

153 1713 299 1755 causis
346 1724 606 1765 quamquam
652 1724 720 1752 res
767 1712 880 1752 nullo
912 1712 1040 1752 modo
1080 1711 1215 1752 evinci
1246 1715 1399 1762 potest,
1431 1711 1534 1751 mihi
1563 1711 1650 1751 veri

153 1782 290 1822 simile
335 1781 501 1821 videtur
536 1780 578 1820 in
610 1780 751 1820 dativo
785 1785 825 1820 et
857 1781 986 1820 latino
1020 1786 1059 1820 et
1091 1780 1269 1820 aliarum
1301 1791 1411 1831 quae
1442 1783 1650 1830 cognatae

153 1854 255 1890 sunt
301 1850 537 1900 linguarum
575 1848 819 1900 primariam
850 1848 1029 1888 localem
1061 1847 1190 1888 fuisse
1221 1847 1452 1898 notionem7
1485 1859 1536 1887 ex
1567 1858 1651 1898 qua

157 1930 244 1970 quo
279 1917 407 1957 modo
440 1916 569 1957 ceteri
600 1916 794 1956 fluxerint
828 1929 929 1956 usus
960 1916 1068 1956 infra
1100 1914 1416 1956 demonstrabo.

293 2077 317 2119 ¹)
355 2074 417 2108 Cfr
444 2074 645 2107 Brealius
671 2075 690 2107 1.
719 2075 740 2107 l.
767 2081 791 2107 t.
819 2085 848 2107 a.
878 2076 964 2107 lev-5
989 2085 1022 2117 p.
1049 2074 1126 2107 281:
1154 2072 1255 2105 Ainsi
1282 2071 1484 2105 l‘aecusatif
1506 2081 1651 2115 marque

154 2132 187 2165 le
224 2132 295 2165 lieu
329 2133 374 2164 oii
400 2131 469 2164 ron
495 2142 538 2165 va
562 2133 735 2171 (revertor
760 2131 933 2174 (lomim),-
959 2131 991 2164 le
1018 2130 1112 2164 datis
1136 2129 1167 2162 le
1193 2129 1263 2162 lieu
1289 2128 1375 2162 dont
1401 2139 1444 2161 on
1470 2128 1652 2171 approche

155 2188 208 2230 (it
234 2187 367 2221 clamor
391 2187 513 2223 caelo&
539 2189 592 2220 cfr
618 2198 652 2230 p.
678 2189 743 2220 253
770 2198 819 2230 sq.
