1833 3048
518 201 826 282 Tabula
877 201 1374 299 argumenti.

878 341 1016 346 ψ-
1617 346 1634 370 p
1658 345 1675 369 g

169 388 454 440 Praefatio
506 416 1249 429 ...........
1580 391 1602 426 5

169 459 312 501 Pars
344 459 399 500 1.-
429 459 513 502 De
543 458 771 510 syntaoei
809 458 1168 499 Varroniana
1241 488 1248 497 .
1580 459 1720 496 7—56

286 528 343 571 A.
377 526 451 572 De
483 525 757 572 enuntiatis
790 525 1103 581 simplicibus
1168 561 1175 568 .
1241 561 1248 568 .
1580 530 1721 567 7-24

406 598 550 652 Caput
615 598 658 641 I:
693 597 746 640 de
776 597 1031 651 praedicato
1095 627 1103 636 .
1169 627 1177 636 .
1242 630 1250 639 .
1285 596 1310 653 ξ
1376 600 1485 637 1-4
1580 600 1601 638 7

593 667 660 711 II:
696 667 748 710 de
779 667 966 711 subiecti
998 669 1043 710 et
1080 666 1249 720 praedi-

693 738 786 781 cati
819 737 1104 793 congruentia
1167 770 1175 780 .
1240 770 1249 780 .
1373 741 1484 778 5—8
1552 741 1601 778 10

479 842 498 861 „
568 808 663 852 111:
699 809 751 852 de
784 808 1001 852 attributo
1094 839 1101 849 .
1167 839 1175 849 .
1241 839 1248 846 .
1374 812 1514 848 9-10
1553 813 1602 849 16

478 911 496 932 ,,
576 879 664 925 IV:
699 879 752 922 de
784 878 1015 923 adiectivis
1094 909 1102 917 .
1167 911 1175 921 .
1240 910 1248 919 .
1346 882 1514 919 11—12
1551 883 1599 919 17

479 979 496 997 „
601 949 662 994 V:
698 949 751 992 de
781 949 1076 992 numeralibus
1167 981 1174 990 .
1240 980 1248 989 .
1346 952 1514 989 13—16
1552 952 1602 989 19

486 1051 494 1071 ,
575 1019 659 1064 VI:
696 1018 747 1061 de
778 1017 1173 1072 praepositionibus
1241 1052 1249 1061 .
1345 1022 1513 1059 17—20
1548 1022 1602 1061 20

283 1090 336 1133 B.
369 1088 442 1133 De
475 1088 751 1133 enuntiatis
784 1087 1103 1145 compositis.
1169 1119 1177 1129 .
1242 1120 1251 1130 .
1550 1093 1720 1129 21-56

403 1159 548 1214 Caput
598 1160 640 1203 1:
666 1159 718 1202 de
731 1159 973 1202 enuntiatis
983 1158 1249 1202 coordinatis
1343 1163 1513 1201 21—22
1549 1163 1602 1200 24

476 1262 495 1283 ‚,
575 1230 643 1273 II:
668 1229 721 1273 de
768 1229 1010 1273 enuntiatis
1057 1228 1250 1273 subordi-

666 1300 786 1343 natis
870 1331 1246 1342 ......
1342 1304 1511 1341 23-37
1549 1304 1601 1341 28

450 1369 507 1414 ((16
534 1368 705 1405 infinitivi
740 1379 809 1404 usu
836 1370 855 1413 ἓ
880 1370 943 1413 25;
978 1369 1022 1405 (16
1048 1368 1249 1405 enuntiatis

448 1427 616 1463 relativis
655 1429 673 1472 ἓ
707 1428 865 1473 26-31;
904 1428 948 1464 (16
986 1427 1174 1463 modorum
1213 1427 1249 1463 in

447 1486 646 1521 enuntiatis
681 1486 907 1522 secundariis
933 1496 1001 1521 usu
1033 1487 1051 1530 ξ
1078 1487 1245 1531 32-37.)

165 1548 307 1589 Pars
328 1548 415 1589 II:
446 1548 528 1588 De
560 1547 856 1589 elocutione
891 1547 1250 1589 Varroniana

447 1618 634 1670 capita
666 1621 925 1669 quattuor
948 1649 1246 1659 .....
1548 1622 1716 1659 57-83

402 1686 548 1741 Caput
594 1688 637 1730 I:
672 1687 724 1729 de
748 1687 1018 1730 abundantia
1041 1687 1250 1731 sermonis
1284 1689 1306 1740 ξ
1342 1692 1512 1729 38-42
1548 1693 1599 1729 57

483 1789 491 1807 ,
567 1758 633 1800 II:
670 1757 722 1800 de
754 1758 962 1801 sermonis
995 1758 1249 1802 brevitate.
1340 1762 1511 1800 43-50
1547 1763 1597 1799 61

449 1826 509 1871 ((16
535 1827 666 1862 omisso
695 1826 857 1862 subiecto
885 1829 903 1871 ἓ
929 1829 994 1872 44;
1021 1828 1064 1863 (16
1084 1827 1248 1863 subiecto

446 1889 586 1921 mutato
623 1887 733 1930 §453
773 1885 816 1921 de
851 1886 983 1921 omisso
1018 1886 1179 1921 subiecto
1212 1887 1248 1922 in

448 1944 650 1979 accusativi
676 1954 756 1979 cum
782 1944 846 1979 inf.
874 1948 1060 1980 structura
1077 1946 1097 1989 ξ
1114 1945 1177 1988 46;
1204 1945 1248 1980 (16

445 2003 650 2048 zeugmatis
676 2003 794 2037 forma
824 2004 842 2046 ξ,
869 2004 941 2048 50.)

471 2095 491 2116 ,,
537 2063 633 2105 111:
668 2062 719 2105 de
729 2062 1251 2107 collocationeverborum
1339 2066 1508 2105 51—63
1545 2068 1596 2105 67

447 2132 508 2176 (de
534 2131 781 2177 parallelismo
809 2136 847 2168 et
865 2132 1024 2168 chiasmo
1043 2133 1062 2177 ἓ
1081 2133 1247 2178 53-58.)

473 2225 492 2246 ,‚
545 2192 633 2238 IV:
667 2191 720 2235 de
729 2192 870 2236 colore
879 2192 1250 2239 sermonisVarro-

664 2262 785 2305 niani
874 2295 1251 2306 ......
1340 2267 1508 2305 64—67
1547 2268 1597 2306 79

445 2331 504 2376 (de
530 2331 831 2368 translationibus
858 2332 878 2379 ξ
905 2333 960 2376 65,
988 2334 1058 2377 66.)

162 2392 454 2444 Appendioe
508 2422 1246 2435 ...........
1545 2398 1712 2436 84-91

309 2460 353 2502 I:
399 2461 451 2504 de
493 2463 801 2506 vocabulorum
850 2463 1114 2515 quorundam
1166 2475 1247 2506 usu

396 2532 671 2577 Varroniano
723 2565 1246 2576 ........
1544 2539 1597 2575 84

307 2602 374 2644 11:
394 2602 649 2656 epimetrum
682 2603 880 2647 criticum
948 2635 1248 2646 .....
1543 2610 1595 2646 88
