1833 3048
763 71 811 105 :39

27 202 183 248 propria
216 200 341 238 fuisse.
374 200 400 249 ¹)
430 202 554 248 Atque
584 202 719 246 Varro,
754 213 835 237 cum
866 202 1017 248 ingenio
1056 212 1124 239 suo
1160 202 1362 249 indulgens
1400 205 1547 249 prisco-

28 278 112 304 rum
145 267 294 305 dicendi
323 279 443 315 genus
474 270 616 306 imitari
647 269 799 312 soleret,
831 267 931 304 haud
955 268 1130 315 exiguum
1174 267 1308 305 horum
1349 268 1547 307 adverbio-

28 343 110 370 rum
141 344 340 370 numerum
374 335 527 381 scriptis
558 334 632 371 suis
665 334 836 379 inseruit,
881 346 926 370 ex
971 334 1105 381 quibus
1154 338 1308 381 praeter
1338 334 1548 372 Varronem

29 395 215 445 nusquam
245 399 302 436 vel
332 401 525 437 rarissime
555 400 799 436 inveniuntur
829 400 942 437 haec:

30 460 273 510 *confusimz
319 465 362 502 L.
393 466 424 503 L
456 466 523 508 IX,
556 455 825 511 4.11‘confuse’
858 466 935 503 Cic.

31 527 292 568 cumulatim:
332 531 378 568 R.
410 533 455 570 R.
485 532 547 575 ΙΙΙ,
584 535 644 578 15,
681 534 702 568 2
746 536 781 568 et
813 542 873 578 ap.
906 532 1020 570 Prud.
1060 534 1190 580 apoth.
1233 535 1312 571 717
1349 538 1386 571 ct
1419 535 1510 572 739.

114 586 320 636 ‘cumulate
353 598 429 636 Cic.

31 669 385 712 *discriminatim:
415 675 460 712 R.
497 677 541 714 R.
575 678 603 723 Ι,
637 679 671 723 7,
707 680 748 723 7;
788 673 1195 714 *indiscriminatim:
1238 678 1283 714 L.
1324 678 1367 715 L.
1409 677 1548 715 XVIII.

116 752 154 787 p.
191 743 277 787 166,
313 744 359 778 16
390 742 518 779 Wilm.

31 814 271 880 differe-5123:
304 820 349 857 R.
381 820 425 857 R.
455 821 484 865 I,
527 822 559 865 1,
595 822 638 865 7;
671 821 736 867 111,
769 824 806 866 2,
843 823 887 858 13
919 826 957 860 et
987 834 1045 869 ap.
1079 822 1178 859 Suet.
1202 821 1307 860 Caes.
1327 824 1404 869 803
1428 819 1444 873 Η
1466 817 1551 861 ‘dis-

118 897 230 932 perse
263 886 340 922 Cic.

37 947 263 1001 eupulsim:
297 955 366 989 sat.
397 951 443 988 fr.
491 954 567 989 456
614 953 674 997 (R.
715 955 806 997 207,
840 954 882 999 2)
929 953 1082 991 'videbis
1111 954 1255 991 Romae
1300 954 1382 993 foro
1413 982 1421 989 .
1456 984 1463 992 .
1497 984 1504 992 .
1543 983 1549 990 .

115 1029 253 1065 pueros
283 1019 362 1065 pila
392 1020 573 1066 expulsim
604 1014 743 1057 ludere'
777 1024 814 1057 et
845 1020 971 1067 Nigid.
1007 1021 1089 1067 Fig.
1122 1031 1182 1066 ap.
1228 1021 1325 1058 Non.
1372 1024 1457 1067 104,
1501 1023 1550 1059 30

119 1084 339 1121 'cuiusmodi
369 1095 487 1132 genus
531 1086 792 1123 adverbiorum
834 1097 856 1123 a
892 1085 1015 1123 verbis
1052 1089 1176 1122 motus
1214 1088 1313 1133 quod
1352 1089 1467 1134 venit,
1510 1092 1552 1125 ut

119 1151 315 1196 expulsim,
349 1147 510 1189 cursim'.
544 1154 613 1190 Est
643 1156 767 1190 autem
811 1144 1015 1199 ‘expulsim'
1045 1151 1143 1189 idem
1173 1151 1252 1190 fere
1284 1155 1384 1200 quod
1422 1155 1549 1201 expel-

119 1218 242 1263 lendo,
276 1219 375 1264 quod
406 1219 560 1257 verbum
591 1224 748 1267 usurpat
792 1220 857 1257 Ov.
900 1220 993 1256 Met.
1033 1219 1070 1261 8,
1112 1220 1186 1256 381
1229 1205 1416 1267 ¹sagittam
1456 1231 1548 1258 arcu

127 1285 339 1330 expellere:
382 1286 501 1323 Simili
548 1287 658 1324 modo
699 1287 794 1324 Hor.
833 1296 948 1323 carm.
993 1288 1027 1331 3,
1063 1289 1124 1332 11,
1167 1289 1213 1324 10
1252 1273 1445 1324 ‘exsultim'
1485 1298 1555 1334 pro

117 1350 342 1388 exsultando
372 1352 509 1388 utitur:
543 1339 653 1389 ‘velut
683 1364 777 1399 equa
809 1379 816 1388 .
851 1382 857 1388 .
891 1381 898 1389 .
934 1381 941 1388 .
977 1352 1072 1389 ludit
1099 1350 1301 1397 exsultim'3
1335 1340 1552 1389 ‘subsultim’

118 1417 219 1454 Suet.
251 1418 349 1464 Aug.
385 1419 449 1454 83.

33 1480 309 1534 *exquisitum
343 1487 412 1520 sat.
437 1484 483 1521 fr.
519 1486 566 1521 18
584 1485 646 1531 (Β.
667 1486 730 1527 98,
764 1487 802 1532 5)
828 1486 964 1523 'haere
983 1496 1097 1532 aeger
1126 1485 1292 1522 medicos
1335 1485 1550 1532 exquisitim

119 1546 380 1587 convocabat‘.
404 1550 417 1595 11
441 1540 648 1597 ‘exquisite'
692 1552 768 1589 Cic.

35 1622 384 1678 *ffl-czecz'p'itutz'm:
417 1629 577 1665 coniecit
610 1624 779 1664 Ix'ettsm·
809 1627 925 1675 (Kri‘c.
956 1629 1185 1677 Bemerkgg.
1217 1641 1261 1666 zu
1278 1630 1400 1667 Varro
1433 1641 1469 1676 p.
1509 1626 1553 1675 3)

123 1695 159 1730 in
190 1700 259 1732 sat.
292 1694 338 1731 i'r.
376 1696 422 1731 75
456 1694 524 1742 (R.
562 1695 649 1740 113,
683 1696 723 1740 ⁴5)
756 1694 828 1733 'ubi
870 1697 972 1732 rivus
1012 1697 1285 1743 praecipitatur
1321 1696 1359 1731 in
1401 1706 1553 1732 nemore

123 1762 296 1800 deorsum
318 1761 333 1806 ΙΙ
355 1752 523 1807 rapitur}
573 1761 705 1807 quibus
754 1762 791 1797 in
840 1761 962 1798 verbis
1002 1756 1119 1797 Riese
1170 1750 1430 1808 ‘praecipitate
1478 1754 1550 1806 in';

130 1822 353 1864 Buecheler
384 1818 647 1874 'praecipitatu
669 1817 736 1871 in}
780 1823 948 1863 Ix'etlmr
968 1819 1255 1873 ‘praecipitatim
1296 1815 1343 1863 in'
1375 1826 1561 1874 probante

125 1888 266 1930 Ia'iesio
297 1894 484 1940 Pliilolog.
516 1892 678 1930 XXVII.
710 1905 744 1940 p.
778 1895 852 1929 316
887 1894 1190 1931 emendaverunt.

35 1967 261 2008 *stillatim:
292 1972 336 2008 L.
369 1972 413 2008 L.
461 1971 506 2016 V,
553 1972 603 2006 27
647 1965 929 2016 ‘stilicidium2)
961 1981 1016 2016 eo,
1063 1970 1163 2017 quod
1207 1970 1373 2008 stillatim
1420 1962 1550 2008 cadat'.

116 2038 323 2076 Praeterea
354 2038 472 2074 multa
501 2038 575 2075 alia
606 2038 773 2074 eiusdem
804 2037 953 2084 generis
985 2036 1165 2074 adverbia
1187 2037 1430 2073 inveniuntur
1450 2037 1546 2073 Var-

118 2105 202 2141 roni
234 2105 448 2142 communia
487 2104 545 2140 vel
576 2115 657 2141 eum
707 2104 842 2150 priscis
891 2103 949 2139 vel
999 2114 1083 2140 eum
1105 2103 1410 2150 elegantioribus,
1461 2114 1555 2149 quae

119 2175 295 2208 accurate
325 2171 477 2217 collegit
508 2166 682 2206 Ketmer
711 2170 734 2205 l.
767 2180 797 2206 c.
829 2180 865 2215 p.
900 2170 936 2205 3.

161 2384 184 2426 ¹)
213 2384 382 2416 conseras
417 2382 584 2422 indicem,
621 2391 719 2422 quem
756 2381 932 2413 constituit
963 2380 1115 2414 Roensch
1144 2384 1221 2415 Ital.
1241 2394 1273 2414 u.
1296 2383 1401 2425 Vulg.
1425 2393 1457 2424 p.
1484 2383 1558 2422 148,

39 2443 77 2474 in
104 2452 171 2484 quo
198 2442 285 2472 falso
313 2439 450 2482 quidem
484 2438 690 2471 adverbium
718 2429 946 2470 ‘examussim'
975 2439 1124 2471 Varroni
1157 2450 1224 2472 una
1258 2450 1335 2471 cum
1371 2440 1496 2471 Plauto
1522 2444 1557 2471 et.

3 2513 8 2515 -
37 2499 185 2541 Apuleio
210 2498 343 2530 tribuit.
370 2497 502 2529 Nonius
528 2497 619 2528 enim
646 2506 726 2537 pag.
770 2496 788 2526 9
824 2495 900 2527 adv.
939 2487 1167 2528 'examussim’
1199 2508 1237 2527 ex
1274 2497 1389 2529 Plauti
1424 2500 1557 2537 tautum

37 2557 124 2589 loeis
150 2556 260 2595 affert,
289 2555 416 2597 quibus
443 2554 541 2586 addit
568 2564 610 2585 ex
638 2553 792 2583 Varrone
819 2553 1046 2595 fragmentum
1069 2554 1196 2585 satirae
1222 2552 1300 2596 περὶ
1325 2550 1556 2593 παιδοποιΐας

38 2612 114 2655 (sat.
139 2613 181 2644 fr.
208 2614 285 2652 555,
310 2612 350 2642 R.
378 2612 454 2649 232,
480 2609 524 2651 3),
551 2611 586 2641 in
613 2620 678 2650 quo
705 2600 756 2640 'ad
786 2605 958 2641 amussim’
985 2610 1128 2652 legitur.

154 2668 179 2712 ⁹)
205 2670 258 2701 De
282 2670 386 2701 huius
412 2667 577 2700 vocabuli
605 2668 777 2708 scriptura
805 2665 1000 2698 of.Lachm.
1029 2667 1068 2698 ad
1098 2667 1238 2699 Lucret.
1257 2678 1290 2709 p.
1317 2668 1359 2698 33
1396 2671 1429 2699 et
1441 2665 1558 2699 Stude-

39 2726 144 2760 mund
170 2727 246 2759 Gaii
282 2736 402 2769 apogr.
438 2735 516 2768 pag.
554 2726 618 2758 323
644 2724 708 2765 sub
735 2724 766 2754 h.
793 2735 825 2755 v.
853 2723 928 2764 (ubi
955 2733 1015 2765 pro
1031 2725 1085 2763 59,
1106 2726 1124 2756 9
1143 2723 1331 2767 legendum
1355 2729 1406 2756 est
1433 2726 1489 2765 57,
1509 2723 1554 2768 9).
