1833 3048
967 80 1017 114 74

319 221 504 258 nusquam
537 209 627 247 alibi
647 209 691 255 ¹),
722 203 955 256 'prolubium’
987 221 1086 256 saep.
1117 222 1177 258 ap.
1201 212 1288 249 Ter.
1311 213 1400 250 Acc.
1423 210 1516 249 Gell.
1548 213 1749 250 invenitur.

237 275 432 313 resimas:
474 276 519 313 R.
552 276 596 313 R.
628 276 676 321 II,
703 277 738 323 9,
761 275 783 311 3
823 269 950 312 ‘labris
981 304 989 312 .
1012 303 1019 311 .
1044 305 1052 313 .
1082 270 1240 314 resimis'
1275 282 1312 315 et
1342 278 1442 315 idem
1473 289 1533 324 ap.
1567 279 1632 317 Ov.
1667 278 1746 317 Col.

317 343 436 381 Labb.
469 342 635 380 'resimus
665 333 938 389 κατάσιμος’.

236 404 483 446 retorridus:
526 409 571 448 R.
602 409 645 446 R.
677 407 707 455 I,
743 409 778 450 9,
812 409 833 445 5
865 402 987 458 'prata
1025 404 1238 453 retorrida',
1278 410 1377 457 quod
1417 410 1515 447 idem
1554 414 1659 448 extat
1692 423 1751 460 ap.

319 478 415 514 Plin.
447 477 526 515 Col.
914 481 920 485 ⁴

234 539 472 579 sulm-mnus:
504 544 549 581 R.
571 544 615 581 R.
638 544 686 589 ΙΙ,
714 546 746 589 l,
771 545 823 581 20
851 539 895 581 'si
925 556 1059 591 parum
1080 545 1198 583 habet
1226 547 1336 584 lactis
1357 551 1491 591 mater,
1524 550 1566 583 ut
1586 546 1750 585 subiciat

319 609 387 646 5111)
408 610 564 646 alterius
584 620 797 655 mammam,
819 611 883 656 qui
904 612 1149 658 appellantur
1171 607 1345 649 subrumi'
1369 617 1406 650 et
1427 613 1525 650 idem
1546 612 1594 654 II,
1621 615 1683 659 ll,
1702 613 1748 659 5ς

325 674 441 712 Catus
471 675 516 712 fr.
549 674 621 711 VII
650 687 686 722 p.
716 676 796 712 248
828 676 885 713 ed.
916 677 1049 723 Riese-;
1080 677 1126 715 cf.
1160 679 1263 716 Fest.
1294 690 1330 725 p.
1362 680 1454 715 270.
1501 679 1606 725 Quod
1637 690 1750 716 voca-

317 742 444 778 bulum
466 753 512 779 ex
532 742 662 789 lingua
683 743 912 780 rusticorum
944 744 1136 781 hominum
1158 744 1421 791 depromptum
1443 745 1540 791 apud
1564 745 1746 792 homines,

317 810 380 856 qui
422 808 606 847 Varronis
637 814 806 856 tempore
837 810 1024 854 vivebant,
1070 812 1392 848 inusitatissimam
1422 810 1536 848 fuisse
1578 822 1747 858 compro-

319 876 432 914 batur
462 888 519 922 eo,
551 876 649 923 quod
664 877 787 913 Varro
817 876 937 913 tribus
966 877 1039 914 illis
1069 876 1175 922 locis,
1207 876 1271 913 ubi
1288 877 1325 914 id
1346 876 1530 921 adhibuit,
1561 878 1749 924 interpre-

317 944 499 980 tationem
529 943 687 980 addidit.
748 943 871 980 Gloss.
901 942 1021 980 Labb.
1054 940 1232 980 'subrumi
1264 938 1575 990 ύπομαζίὸιοί.

236 1005 531 1059 szqffzmziqare:
569 1009 613 1046 R.
637 1008 683 1046 R.
706 1008 773 1054 III,
800 1010 861 1054 16,
886 1010 935 1044 36
966 1003 1006 1045 ‘si
1029 1008 1158 1054 (apes)
1190 1020 1236 1045 ex
1267 1009 1348 1046 alvo
1379 1010 1500 1046 minus
1531 1008 1753 1056 frequenter

322 1075 487 1112 evadunt
519 1104 525 1111 .
550 1105 557 1112 .
583 1105 590 1112 .
615 1103 623 1111 .
656 1069 998 1123 suffumigandum',
1030 1074 1127 1121 quod
1158 1075 1257 1112 idem
1289 1086 1348 1121 ap.
1368 1074 1465 1112 Cels.
1486 1075 1566 1112 Col.
1599 1076 1752 1123 legitur.

238 1136 529 1190 *svgffzc‘tzdarez
570 1145 641 1178 sat.
672 1140 718 1178 fr.
753 1142 830 1178 524
859 1140 922 1187 (R.
953 1142 1045 1186 225,
1074 1141 1138 1188 10)
1177 1136 1225 1178 ’111
1265 1141 1438 1179 domibus
1466 1141 1647 1178 latericiis
1677 1168 1685 1177 .
1709 1171 1717 1179 .
1742 1171 1750 1179 .

318 1207 506 1252 lapidibus
537 1203 781 1244 suffundatis'.

235 1269 474 1310 subsecare.-
506 1273 550 1309 R.
583 1273 629 1310 R.
662 1274 692 1314 Ι,
714 1275 777 1320 23,
801 1275 845 1319 3;
876 1275 903 1319 Ι,
928 1276 991 1320 49,
1020 1277 1036 1310 1
1071 1280 1107 1312 et
1139 1286 1197 1321 ap.
1230 1273 1297 1310 Ov.
1332 1274 1430 1311 Cels.
1464 1275 1543 1312 Col.

238 1336 467 1376 suecae'tzere:
501 1341 546 1377 R.
570 1339 615 1376 R.
637 1341 665 1386 Ι,
689 1342 725 1386 2,
751 1342 797 1376 16
819 1335 1100 1387 ‘(ag1·icultu1·a)
1127 1341 1285 1378 succinit
1314 1341 1496 1387 pastorali
1527 1339 1596 1386 (sc.
1619 1340 1749 1387 vitae),

320 1406 417 1452 quod
448 1410 504 1443 est
533 1406 702 1452 inferior,
733 1411 775 1443 ut
804 1406 897 1444 tibia
925 1407 1078 1444 sinistra
1109 1419 1129 1444 a
1160 1407 1315 1444 dextrae
1344 1401 1601 1445 foraminibus'
1633 1415 1671 1444 et
1700 1407 1754 1452 ΙΙ,

324 1475 357 1514 1,
379 1474 453 1517 27;
497 1473 596 1519 quod
634 1473 731 1510 idem
775 1477 879 1510 extat
908 1486 966 1521 ap.
999 1474 1090 1511 Hor.
1122 1475 1194 1520 Ep.
1232 1477 1263 1519 1,
1291 1475 1351 1519 17,
1375 1474 1447 1519 48;
1491 1473 1644 1510 Petron.
1678 1474 1751 1518 69;

324 1539 428 1575 Pers.
463 1541 498 1585 3,
521 1540 585 1585 20,
616 1538 681 1576 11111
710 1540 793 1576 vide
817 1551 911 1585 quae
933 1540 1129 1577 adnotavit
1154 1535 1199 1575 O.
1222 1534 1335 1574 Jahn
1356 1550 1391 1584 p.
1417 1540 1511 1574 147:
1546 1532 1753 1575 ‘succinere

323 1605 354 1641 is
385 1605 535 1651 dicitur,
569 1607 630 1652 qui
662 1607 825 1643 alterum
857 1606 1141 1653 praecinentem
1171 1605 1397 1643 comitatur⁷.

378 1671 470 1708 Tum
494 1676 624 1710 extant
653 1673 754 1710 haud
784 1684 904 1719 pauca
927 1671 1110 1710 vocabula
1140 1675 1176 1708 et
1196 1672 1348 1708 nomina
1378 1674 1415 1709 et
1437 1670 1563 1713 verba,
1595 1682 1753 1717 quorum

242 1738 346 1775 notio
375 1733 462 1774 sul)—
494 1739 776 1785 praepositione
806 1739 933 1777 addita
967 1739 1158 1783 minuitur,
1190 1737 1310 1774 velut:

242 1799 542 1840 *subalbiecmsz
576 1806 620 1842 R.
642 1806 687 1842 R.
718 1805 785 1850 III,
809 1807 843 1851 9,
869 1808 889 1841 5
920 1798 1044 1851 ‘palea
1076 1800 1300 1851 (gallorum)
1334 1804 1447 1841 rubra
1479 1798 1752 1842 subalbicanti'.

240 1865 481 1906 *εῑιῦαἶόιιεε
508 1870 553 1906 R.
592 1872 637 1908 R.
669 1872 698 1916 I,
732 1873 768 1918 9,
800 1874 820 1907 5
853 1866 1072 1907 sabulo...
1093 1861 1305 1915 subalbus'3
1338 1869 1383 1906 cf.
1416 1864 1655 1906 ‘subalbulus'
1688 1882 1751 1917 ap.

238 1936 325 1973 Isid.
362 1938 421 1981 12,
457 1939 487 1982 l,
523 1938 573 1973 50
611 1937 669 1974 ed.
711 1937 811 1974 Otto.
878 1933 1135 1986 subm-sapas:
1179 1936 1223 1972 R..
1256 1937 1300 1973 R.
1332 1936 1380 1980 ΙΙ,
1415 1938 1449 1981 5,
1485 1940 1529 1981 8;
1572 1937 1619 1980 ΙΙ,
1662 1939 1695 1979 7,
1727 1936 1748 1971 5

235 2005 272 2038 et
302 2014 361 2048 ap.
395 2001 471 2038 Cic.
504 2004 612 2040 Verr.
643 2004 691 2048 ΙΙ,
722 2005 758 2049 2,
792 2005 854 2039 44.
904 1998 1148 2038 *subsanam
1192 2002 1235 2038 R.
1268 2003 1312 2039 R.
1344 2002 1391 2046 ΙΙ,
1425 2005 1461 2047 5,
1506 2003 1539 2038 7.
1563 2002 1608 2038 cf.
1634 2001 1753 2039 Gloss.

239 2067 358 2105 Labb.
388 2063 584 2106 ‘subsimus
615 2060 851 2116 Uno'acfltog'.
913 2064 1163 2105 *subtenutsz
1191 2069 1240 2105 R.
1273 2069 1317 2105 R.
1351 2068 1399 2113 ΙΙ,
1427 2071 1460 2112 7,
1484 2068 1519 2103 5.

240 2130 493 2185 *subsiperez
526 2136 570 2172 L.
601 2135 645 2171 L.
677 2136 721 2181 V,
750 2136 823 2172 128
854 2135 906 2171 ‘ut
937 2134 1133 2180 subsipere
1165 2133 1265 2180 quod
1294 2144 1368 2170 non
1398 2135 1512 2181 plane
1542 2128 1663 2181 sapit’.

238 2196 553 2238 *subdealbam
601 2206 670 2239 sat.
709 2202 755 2238 fr.
793 2204 862 2238 171
909 2200 974 2245 (R.
1011 2202 1101 2244 136,
1124 2202 1167 2244 5)
1210 2197 1228 2235 '.
1360 2201 1480 2248 teges,
1527 2202 1663 2246 pruina
1707 2200 1755 2237 ne

325 2267 511 2304 iacentem
530 2264 551 2315 ΙΙ
571 2268 794 2305 subdealbet
823 2268 910 2314 algu
940 2267 1046 2304 danti
1067 2265 1210 2313 frigore
1240 2258 1341 2311 ....⁷,
1373 2266 1472 2313 quod
1495 2266 1751 2314 fragmentum

323 2334 436 2371 attuli
469 2345 515 2371 ex
544 2335 648 2371 satir.
672 2333 807 2381 fragm.
826 2334 1050 2371 collectione
1067 2344 1089 2369 a
1105 2328 1242 2368 Riesio
1261 2337 1406 2377 curata,
1433 2343 1515 2369 cum
1532 2326 1757 2368 Buecheler

328 2400 416 2445 (Rh.
446 2401 546 2439 Mus.
580 2401 667 2445 XX,
704 2401 804 2436 18135
836 2411 871 2446 p.
905 2400 981 2435 432
1013 2398 1142 2435 adnot.
1179 2398 1243 2444 14)
1284 2397 1578 2446 elegantioribus
1609 2398 1759 2445 quidem

326 2466 496 2503 versibus
525 2467 734 2504 restitutis:

344 2562 368 2603 ²)
403 2562 519 2606 Haupt
559 2565 677 2596 Herm.
711 2565 745 2595 11
784 2565 867 2595 1867
910 2575 944 2604 p.
972 2564 1037 2595 336
1077 2563 1208 2595 conicit
1246 2573 1299 2604 ap.
1339 2562 1471 2593 Minue.
1515 2561 1588 2593 Fel.
1629 2562 1754 2595 Octav.

243 2629 318 2660 cap.
344 2622 386 2651 26
414 2621 559 2653 fortasse
594 2632 658 2663 pro
689 2621 844 2653 codicum
871 2612 1122 2662 'procupidine’
1157 2618 1324 2652 Varronis
1358 2611 1639 2660 ‘prolubidincm'
1675 2619 1755 2650 51111-

242 2677 456 2708 stituendum
485 2688 571 2711 esse.
620 2678 727 2709 Addit
750 2682 863 2709 autem
891 2670 1029 2719 ‘quodsi
1055 2677 1173 2709 nullus
1199 2677 1318 2709 subest
1345 2687 1450 2715 error,
1479 2676 1538 2707 sed
1566 2681 1665 2707 vetus
1691 2673 1758 2707 fuit

244 2733 476 2773 prolubidinis
502 2730 735 2766 vocabulum'.
786 2734 1015 2766 Scribendum
1042 2745 1131 2766 esse:
1163 2726 1379 2766 ¹Prolubium
1412 2738 1444 2766 et
1479 2731 1658 2766 lubidinem
1689 2733 1759 2766 diei

243 2789 285 2820 ab
313 2800 352 2821 eo
380 2783 457 2824 otc.’
485 2790 670 2831 Quicherat
693 2792 730 2823 in
756 2791 860 2824 Nonii
885 2791 1038 2823 editione
1065 2792 1176 2824 iussit.
