1787 3043
198 148 246 187 76
743 156 947 184 PRAEPOS.
983 156 1076 183 CAP.
1112 155 1171 182 IV.

195 287 233 310 v.
261 273 360 311 524:
395 270 499 309 inter
527 283 568 308 86
596 267 722 307 8ἰήῑὶίὲ
750 283 849 320 quae
871 272 965 306 sunt
987 270 1163 319 perfecta
1183 271 1320 319 figura.
1363 266 1400 315 Ι,
1425 268 1526 307 375:
1559 266 1664 305 iuteo·
1684 280 1725 305 86

194 355 305 392 posse
327 340 488 378 moveri.
517 351 557 375 v.
586 337 683 376 760:
717 338 878 376 inimica
899 337 1027 374 modis
1048 338 1186 375 multis
1209 340 1303 375 sunt
1324 339 1445 387 atque
1467 350 1619 374 veneno
1640 337 1727 387 ipsa

193 410 268 446 sibi
290 405 396 444 inber
417 418 471 443 86.
496 419 537 443 v.
558 405 656 444 769:
683 406 918 455 mutantque
933 406 1105 442 colorem
1127 410 1168 442 et
1189 407 1317 443 totam
1339 401 1446 441 inter
1467 416 1507 441 86
1529 407 1724 442 naturam.

194 489 233 513 v.
262 474 361 514 787:
393 488 464 512 nec
495 488 643 512 cessare
672 475 767 511 haee
795 470 902 509 inber
931 483 971 509 86
997 473 1167 509 mutare.
1209 484 1250 509 v.
1277 471 1357 509 910
1381 484 1470 522 sq.:
1502 485 1598 522 quas
1619 469 1726 508 inter

193 556 233 580 86
267 545 364 581 dent
395 545 528 580 motus
561 542 852 592 accipiantque,
886 544 1006 590 atque
1040 540 1177 577 eadem
1210 540 1329 590 paulo
1362 536 1469 576 inter
1501 551 1541 576 86
1572 540 1726 576 mutata

194 625 323 649 creare
345 612 469 660 ignes.
497 621 537 646 V.
564 608 664 646 913:
690 609 810 646 verba
831 621 989 658 quoque
1011 608 1096 658 ipsa
1116 604 1222 644 inter
1243 618 1283 643 86
1305 608 1424 657 paulo
1446 604 1612 644 mutabis
1633 610 1728 645 sunt

194 679 414 717 elementis.
457 674 512 724 V,
538 676 638 714 185:
676 677 852 727 quidque
886 672 992 712 inter
1018 685 1101 711 8686
1123 675 1353 723 permutato
1384 675 1521 712 ordine
1552 678 1725 725 possent.

194 744 231 794 I,
257 745 360 783 819:
395 749 434 783 et
462 759 559 795 quos
590 741 694 781 inter
715 756 755 780 86
785 744 882 781 dent
903 745 1035 780 motus
1057 742 1346 793 accipiantque.
1409 739 1573 780 Eadem
1596 739 1728 779 verba

194 812 402 864 leguntur
430 809 492 859 ΙΙ,
520 810 599 850 762
622 813 665 849 et
690 810 812 849 1069.
845 808 881 857 Ι,
906 810 1008 848 825:
1042 824 1131 847 cum
1158 813 1294 847 tamen
1321 806 1428 846 inter
1454 820 1495 846 86
1523 823 1657 847 versus
1685 823 1729 848 ac

193 883 313 920 verba
333 883 531 919 necessest
553 881 763 918 confiteare
792 879 834 905 —‘
854 875 1019 915 distare.
1064 874 1127 924 ΙΙ,
1153 876 1254 915 690:
1291 891 1380 914 cum
1403 880 1538 915 tamen
1559 874 1667 914 inter
1688 888 1728 914 86

194 964 328 988 versus
350 962 393 986 ac
415 949 536 985 verba
557 950 755 985 necessest
782 947 993 984 confiteare
1023 946 1100 983 alia
1127 959 1173 983 ex
1194 945 1281 983 aliis
1304 949 1484 983 constare
1507 946 1726 983 elementis.

194 1015 231 1064 Ι,
249 1015 350 1054 838:
376 1017 580 1066 sanguinis
604 1012 708 1051 inter
729 1026 770 1051 86
791 1015 929 1052 multis
952 1013 1182 1052 coeuntibu’
1205 1014 1346 1062 guttis.
1370 1010 1424 1060 V,
1446 1012 1551 1051 452:
1578 1016 1728 1064 quanto

194 1086 320 1135 magis
341 1081 448 1121 inter
469 1095 509 1120 86
531 1083 718 1134 perplexa
739 1083 911 1120 coibant.
935 1079 972 1129 Ι,
990 1080 1091 1119 899:
1117 1084 1300 1118 terantur
1322 1077 1427 1117 inter
1448 1092 1502 1118 86.
1528 1078 1583 1128 V,
1601 1080 1725 1119 1100:

196 1153 332 1189 mutua
355 1153 450 1189 dum
472 1148 579 1187 inter
599 1162 640 1187 86
660 1151 758 1188 rami
780 1151 1002 1200 stirpesque
1024 1151 1222 1186 teruntur.
1265 1145 1327 1195 ΙΙ,
1355 1147 1426 1186 29:
1452 1145 1558 1186 inter
1579 1159 1620 1186 86
1641 1163 1729 1199 pro-

195 1220 310 1257 strati
345 1220 451 1256 cett.
494 1234 535 1250 =
575 1215 628 1265 V,
662 1217 785 1255 1392.
822 1214 885 1264 ΙΙ,
916 1215 988 1254 67;
1033 1231 1112 1254 non
1153 1213 1260 1253 inter
1292 1226 1332 1253 86
1364 1217 1513 1266 stipata
1545 1218 1730 1254 cohaeret

195 1288 393 1325 materies.
436 1299 475 1324 V.
502 1286 604 1324 461:
630 1289 790 1324 haerere
815 1286 921 1323 inter
942 1299 993 1322 se.
1035 1281 1122 1330 ΙΙΙ,
1150 1282 1250 1321 193:
1275 1281 1412 1320 haeret
1434 1285 1540 1322 enim
1561 1281 1669 1321 inter
1688 1296 1730 1321 86

195 1357 321 1405 magis
344 1355 470 1392 omnis
492 1355 673 1392 materiai
696 1368 848 1404 corpus.
891 1365 932 1389 V.
957 1351 1061 1390 325:
1095 1352 1372 1390 communibus
1402 1348 1507 1388 inber
1527 1363 1568 1388 86
1588 1352 1729 1389 radici-

196 1424 268 1460 bus
295 1411 474 1459 haerenst‘
496 1439 536 1453 =
573 1419 627 1469 V,
653 1421 748 1459 554.
787 1418 850 1467 ΙΙ,
878 1419 948 1458 76;
989 1417 1095 1457 inter
1123 1431 1163 1456 86
1192 1420 1380 1457 mortales
1407 1420 1545 1456 mutua
1575 1420 1728 1458 vivunt.

196 1503 236 1527 v.
263 1489 364 1528 154:
408 1488 611 1539 complesses.
645 1493 780 1527 meant
815 1486 919 1526 inter
951 1499 991 1524 86
1024 1501 1178 1538 conque
1211 1488 1386 1538 globata.
1430 1484 1486 1534 V,
1511 1485 1612 1524 922:
1650 1501 1729 1525 non

196 1562 330 1596 tamen
353 1555 459 1594 inter
480 1569 521 1594 86
543 1562 712 1608 possunt
734 1554 934 1605 complent
958 1557 1091 1593 creari.
1115 1552 1178 1602 ΙΙ,
1205 1555 1306 1593 155:
1332 1552 1439 1592 inter
1460 1566 1500 1592 86
1521 1557 1729 1593 retrahun-

196 1630 273 1664 tur.
317 1638 357 1662 V.
390 1624 471 1663 348
511 1627 617 1663 inter
645 1640 684 1664 se
713 1627 880 1663 differre.
925 1636 964 1661 V.
998 1622 1099 1661 351:
1136 1637 1209 1661 nec
1237 1624 1368 1661 minus
1398 1626 1519 1673 atque
1549 1624 1729 1661 homines

197 1692 303 1730 inter
335 1705 375 1729 86
409 1697 503 1730 nota
537 1695 680 1732 cluere.
724 1706 763 1730 v.
789 1691 890 1729 394:
931 1696 1000 1729 aut
1033 1692 1158 1741 magis
1192 1688 1338 1727 amatis
1371 1687 1477 1727 inter
1509 1702 1550 1728 86
1583 1705 1730 1742 perque

197 1762 367 1812 plicatis.
410 1773 450 1797 V.
475 1760 576 1798 405:
611 1763 707 1799 haec
736 1761 862 1810 magis
893 1756 1038 1796 amatis
1061 1756 1166 1795 inter
1194 1770 1233 1795 86
1254 1772 1353 1796 nexa
1374 1760 1514 1796 teneri.
1556 1771 1598 1796 V.
1621 1758 1726 1796 445:

196 1830 292 1866 haec
322 1829 447 1878 magis
477 1825 623 1865 amatis
651 1826 758 1865 inter
786 1842 869 1865 sese
898 1841 980 1865 esse
1009 1829 1217 1864 necessest.
1260 1838 1301 1863 V.
1327 1825 1430 1863 396:
1463 1827 1523 1863 uti
1546 1841 1625 1864 non
1646 1830 1730 1864 tam

198 1897 363 1934 diducta
384 1902 548 1946 repente
572 1893 677 1933 incer
697 1908 738 1933 86
767 1896 921 1946 possint
950 1895 1166 1945 primordia
1194 1917 1233 1920 —
1263 1908 1332 1945 per
1359 1916 1401 1920 -
1430 1895 1624 1932 foramina
1644 1908 1730 1945 per-

196 1978 366 2002 manare.
411 1975 449 2000 v.
475 1963 577 2002 439:
610 1965 861 2001 confundunt
885 1960 992 1999 infler
1012 1974 1053 1999 86
1074 1963 1230 2000 concita
1252 1976 1421 2000 sensum.
1464 1974 1505 1998 V.
1530 1961 1632 1999 454:
1658 1976 1730 2000 nec

198 2033 423 2070 retinentur
445 2033 551 2069 enim
572 2029 678 2068 inter
700 2043 740 2068 86
761 2031 1049 2081 glomeramina
1071 2044 1261 2080 quaeque.
1296 2041 1336 2066 v.
1361 2028 1463 2067 484:
1488 2030 1594 2067 inter
1614 2043 1654 2068 se
1682 2051 1722 2056 -

198 2100 358 2137 variare.
400 2111 441 2136 V.
468 2098 570 2137 630:
608 2097 714 2136 inter
746 2110 786 2136 86
819 2100 921 2136 fort-e
956 2099 1061 2148 quod
1095 2099 1211 2135 armis
1246 2098 1404 2135 ludunt.
1443 2109 1483 2134 V.
1510 2096 1613 2135 693:
1649 2112 1730 2136 non

199 2182 276 2218 quo
306 2189 343 2193 -—
374 2168 476 2204 nulli
505 2164 610 2203 inter
639 2178 679 2203 86
707 2168 784 2205 (luo
813 2168 895 2204 sint-
923 2188 962 2192 —
991 2167 1109 2204 idem.
1152 2177 1192 2202 V.
1219 2164 1321 2203 922:
1352 2170 1399 2203 ut
1425 2168 1633 2216 nequeunt
1660 2167 1730 2203 ho-

198 2236 322 2272 mines
363 2239 542 2272 armenta
583 2236 767 2286 feraeque
808 2232 914 2272 inter
953 2245 1035 2270 8686
1075 2234 1199 2271 ullam
1232 2247 1315 2271 rem
1348 2234 1523 2283 gignere.
1581 2245 1620 2270 V.
1648 2232 1729 2271 942

199 2299 435 2353 (materies)
464 2304 638 2340 contulit
667 2300 771 2340 inter
800 2314 840 2339 86
869 2305 1014 2339 motus.
1056 2297 1145 2348 ΙΙΙ,
1172 2299 1272 2340 137:
1305 2302 1483 2339 animum
1504 2304 1624 2351 atque
1647 2302 1730 2338 ani-

198 2384 302 2408 mam
330 2371 418 2407 dico
448 2368 661 2407 coniuncta
690 2371 818 2409 teneri
848 2367 952 2407 inter
978 2380 1033 2406 86.
1077 2381 1116 2406 v.
1145 2368 1246 2407 559:
1284 2370 1389 2406 inter
1424 2383 1464 2406 se
1503 2369 1728 2406 coniuncta.

198 2435 280 2484 IV,
305 2436 407 2476 947:
434 2439 646 2476 coniuncta
667 2439 772 2476 inter
793 2451 844 2475 se.
877 2449 918 2474 V.
946 2435 1045 2474 726:
1078 2438 1184 2475 inter
1213 2450 1252 2474 se
1279 2437 1515 2486 iunguntur.
1539 2433 1594 2483 V,
1620 2435 1728 2474 1020

199 2506 414 2543 amicitiem
445 2527 481 2530 —
512 2503 675 2554 {messere
704 2506 864 2543 finitimi
894 2502 1000 2542 inter
1028 2516 1081 2541 86.
1125 2501 1213 2551 ΙΙΙ,
1240 2503 1340 2542 258:
1378 2518 1456 2554 quo
1485 2506 1602 2554 pacto
1624 2500 1730 2540 incer

198 2584 281 2610 8686
314 2570 440 2610 »cimba
474 2594 514 2598 —
552 2573 725 2622 vigeant.
767 2585 806 2612 v.
832 2571 933 2610 283:
970 2575 1168 2610 necessest
1202 2576 1344 2610 ventus
1380 2575 1420 2609 et
1453 2574 1519 2609 aer
1552 2574 1593 2608 et
1625 2572 1731 2609 calor

199 2637 305 2676 inter
325 2652 365 2677 86
386 2641 549 2689 vigeant
570 2637 792 2677 comacina.
838 2637 891 2687 V,
917 2639 1017 2677 919:
1051 2637 1197 2676 mulctas
1218 2641 1395 2690 potuisse
1418 2639 1539 2677 creari
1562 2635 1669 2675 inter
1689 2650 1730 2675 86

200 2708 370 2756 pecudes
393 2710 476 2744 ete.
506 2704 594 2753 ΙΙΙ,
621 2707 701 2744 262
724 2720 810 2758 sq.:
842 2709 947 2746 inter
975 2709 1080 2745 enim
1108 2711 1269 2744 cursant
1296 2707 1513 2757 primordia
1541 2706 1729 2756 principi-

200 2788 311 2812 orum
344 2775 518 2813 motibus
552 2773 657 2812 inter
689 2787 743 2812 86.
787 2773 874 2822 ΙΙΙ,
900 2774 995 2813 332.
1034 2787 1073 2812 V.
1098 2773 1200 2812 424:
1246 2788 1323 2825 qua
1363 2778 1479 2812 tenus
1514 2777 1573 2812 est
1605 2788 1730 2811 unum
