1833 3048
730 52 1020 92 —14-

102 173 399 230 principium;
429 171 517 227 qui,
552 171 662 226 quod
692 173 783 213 erat
811 173 904 225 post
934 182 1118 223 maram,
1141 167 1448 212 Postmoerium
1478 168 1662 222 dictum,·

109 243 152 286 V
190 246 267 283 181
315 257 364 287 ea
393 244 467 294 (se.
511 237 712 293 pecunia)
744 253 851 295 quae
891 239 1111 295 assiynata
1149 242 1250 292 erat,
1283 237 1547 282 Attributum
1577 238 1661 282 dic-

109 319 223 368 tum;
253 313 347 356 VH
371 315 394 352 8
417 313 467 356 in
489 312 615 355 terris
646 311 804 354 dictum
825 310 1023 366 templum
1045 309 1158 353 locus
1182 343 1189 351 .
1216 343 1223 351 .
1250 342 1258 351 .
1276 308 1461 364 finitus,·
1491 307 1587 353 VII
1609 311 1663 347 44

110 386 155 428 id
179 384 363 427 Tutulits
382 382 629 438 appellatus,
653 383 738 422 etc.
764 378 1003 433 (ContraV
1020 382 1098 419 155
1115 381 1223 420 extr.
1253 377 1462 422 is—Seil.
1477 377 1665 420 loeus-—

115 455 403 498 Graecostasis
443 452 707 508 appellatus).
770 450 839 493 De
880 461 1056 492 numero
1097 451 1144 491 et
1185 459 1343 502 genere
1386 446 1461 489 cfr.
1504 446 1573 491 VI
1612 450 1663 487 28

110 531 159 569 ut
189 539 325 568 novus
367 537 513 567 annus
543 522 764 566 Kalendae
791 522 1029 565 Ianuariae
1070 520 1120 564 ab
1161 534 1266 562 novo
1299 518 1381 562 sole
1412 518 1664 574 appellatae,

111 611 248 640 novus
293 594 452 638 mensis
483 607 510 636 a
541 606 651 636 nora
693 593 800 636 luna
831 591 1005 645 Nonae;
1036 590 1078 634 V
1111 592 1164 629 90
1201 589 1470 644 praesidium
1511 589 1668 633 dictam

113 667 187 722 qai
219 670 341 710 eoetra
374 668 513 707 castra
542 662 836 718 praesidebant
868 663 917 706 in
948 662 1032 705 loco
1064 661 1225 716 aliam,
1265 675 1345 715 qao
1383 660 1516 703 tutior
1555 660 1667 715 reyio

114 741 226 781 esset.

233 803 470 848 Permultis
503 805 651 846 autem
681 801 788 845 loeis
821 814 875 844 ex
906 813 1022 844 more
1055 799 1328 847 Varroniano
1360 799 1538 843 verbum
1569 799 1667 842 sub-

115 876 359 921 stantivum
396 874 526 928 plane
570 873 801 926 omittitur,
841 872 963 916 velut
995 872 1064 917 VI
1103 875 1155 912 22
1190 872 1299 928 qaod
1335 872 1374 914 is
1410 872 1498 915 dies
1534 871 1668 927 feriae

116 951 219 1003 eius,
262 945 465 989 similiter
507 942 530 1000 ξ
578 947 628 984 19
673 945 782 1000 qnod
822 945 861 987 ei
910 944 1008 987 deae
1048 944 1183 999 feriae
1237 943 1425 997 publicae
1471 942 1559 985 dies
1606 942 1666 993 is;

118 1024 138 1069 ξ
174 1022 226 1059 23
259 1017 316 1060 in.
350 1018 473 1062 ouius
504 1017 638 1071 feriae
662 1016 855 1070 publicae
888 1015 924 1057 is
955 1015 1044 1057 dies
1076 1013 1130 1055 al.

843 1145 866 1194 ξ
903 1146 939 1183 7.

237 1229 497 1272 structurae
530 1223 633 1265 κατὰ
664 1223 829 1264 σύνεσιν
859 1235 1000 1276 pauca
1034 1222 1229 1276 exempla
1260 1223 1399 1266 habeo
1432 1235 1543 1277 quae
1573 1236 1668 1277 pro-

117 1299 273 1342 feram:
308 1297 332 1339 I
368 1300 439 1348 13,
485 1300 502 1336 1
541 1297 726 1352 (familia
762 1296 835 1338 ubi
870 1298 1060 1338 versetur
1091 1295 1418 1350 providendum,
1457 1295 1496 1338 si
1531 1296 1674 1350 fessi

119 1385 237 1426 opere
268 1375 343 1413 aut
374 1370 534 1424 friyore
566 1372 642 1410 aut
663 1367 812 1419 calore,
845 1367 917 1409 ubi
945 1366 1272 1408 commodissime
1289 1367 1455 1420 possint
1475 1380 1517 1408 se
1539 1366 1673 1420 quiete

117 1442 368 1495 reciperare)
393 1441 438 1479 et
457 1436 525 1480 VI
543 1439 596 1476 23
621 1437 900 1488 (Larentinae
924 1450 1045 1490 Quem
1066 1437 1176 1478 diem
1192 1437 1364 1491 quidam
1387 1437 1438 1479 in
1458 1437 1673 1480 scribendo

118 1511 372 1555 Larentalia
404 1509 630 1564 appellant,
665 1508 714 1550 ab
744 1507 857 1550 Acca
878 1506 1089 1550 Larentia
1119 1507 1384 1556 nominatus)
1409 1506 1480 1547 ubi
1503 1504 1673 1547 enunti-

121 1580 187 1623 ati
218 1578 399 1622 relativi
431 1578 600 1620 obiecto
633 1576 878 1629 praedicati
911 1588 1047 1630 genus
1080 1576 1231 1618 eadem
1265 1576 1436 1618 ratione
1459 1579 1674 1618 mutatum

121 1654 190 1693 est
228 1653 361 1702 atque
400 1648 595 1692 subiecto
635 1647 749 1700 apud
788 1646 913 1690 Caes.
975 1647 1027 1689 B.
1068 1645 1116 1689 C.
1156 1647 1208 1689 ΙΙ
1249 1650 1298 1687 19
1340 1649 1451 1688 extr.
1487 1646 1675 1699 (Carmo-

120 1736 293 1776 nenses,
341 1735 448 1777 qitae
494 1725 553 1763 est
600 1721 718 1775 Zonye
757 1720 1015 1774 firmissima
1155 1719 1321 1771 cii-itas,
1495 1719 1677 1761 cobortes

122 1792 268 1844 eiecit),
302 1790 355 1832 de
388 1802 469 1842 quo
501 1789 595 1831 loeo
627 1801 711 1831 non
742 1792 878 1842 reete,
911 1791 961 1830 ut
992 1787 1080 1830 iam
1113 1791 1311 1841 apparet,
1346 1787 1521 1842 Drager
1541 1787 1566 1829 I
1593 1790 1674 1827 168

122 1860 373 1904 adnotavit:
411 1860 498 1913 „ist
530 1856 640 1909 ἅπαξ
671 1862 739 1910 εἰς).
781 1859 839 1901 im
869 1857 1075 1901 Latein.“

240 1931 364 1974 Unus
402 1931 522 1973 loeus
567 1929 811 1972 laudandus
850 1933 920 1972 est
956 1930 1191 1982 propterea
1230 1928 1342 1980 quod
1378 1928 1556 1970 verbum
1593 1940 1678 1970 non

122 2003 169 2046 in
200 2001 389 2046 subiecti
419 2012 595 2043 numero
627 2000 817 2054 positum
857 2003 926 2042 est
965 1999 1043 2041 sed
1081 1998 1172 2041 eius
1210 1998 1394 2041 nominis
1434 1998 1547 2050 quod.
1587 2010 1681 2040 eum

123 2074 217 2127 ipso
266 2071 462 2115 subiecto
510 2073 790 2124 eomparatur
831 2069 1054 2124 (Sehmalz
1090 2071 1116 2121 ξ
1158 2069 1275 2122 11b):
1327 2069 1367 2113 V
1415 2071 1494 2109 123
1535 2070 1684 2114 sinum

125 2146 328 2188 maiorem
360 2144 620 2187 cavationem
652 2157 778 2197 quam
798 2142 955 2197 pocula
974 2141 1178 2184 habebant
1201 2137 1386 2195 [habebat
1407 2137 1458 2180 L.
1479 2137 1681 2192 Spengel,

125 2214 220 2258 sine
268 2209 433 2268 eausa}
514 2211 727 2254 Similiter
774 2210 878 2254 Sall.
925 2209 1024 2253 Cat.
1065 2212 1161 2262 25‚3
1209 2208 1266 2262 (ei
1311 2211 1482 2253 cariora
1526 2224 1685 2264 semper

127 2287 273 2329 omnia
310 2299 437 2339 quam
467 2285 591 2326 decus
623 2287 747 2336 atque
776 2282 985 2337 pudicitia
1016 2282 1133 2336 fait),
1166 2280 1263 2333 Iug.
1299 2283 1351 2319 50
1387 2282 1468 2321 etc.

244 2353 444 2405 Denique
477 2352 674 2395 exseribo
707 2352 847 2394 locum
868 2351 945 2394 IX
969 2354 1022 2391 34
1057 2352 1183 2404 (qnod
1204 2365 1252 2394 ea
1274 2374 1329 2379 —
1353 2349 1445 2391 seil-
1471 2349 1606 2392 verba
1627 2373 1683 2379 —

128 2429 317 2472 homines
363 2427 419 2469 ad
466 2438 590 2467 suam
636 2424 811 2476 quisque
857 2423 1113 2465 voluntatem
1152 2421 1311 2476 finqat)
1348 2419 1422 2461 ubi
1459 2430 1685 2472 perperam

128 2497 339 2552 pluralem
362 2495 417 2537 ab
440 2492 556 2536 Aldo
580 2495 624 2535 et
647 2491 790 2534 Laeto
815 2491 1026 2534 insertum
1050 2501 1149 2533 esse
1165 2489 1333 2531 docent
1358 2501 1393 2530 e.
1417 2501 1457 2542 g.
1483 2488 1685 2532 Sallustii

128 2568 264 2612 verba
297 2565 430 2609 Catil.
467 2567 540 2616 37,
583 2567 606 2603 6
641 2565 805 2609 (malti.
827 2597 862 2606 ..
901 2564 981 2606 sibi
1019 2562 1194 2615 quisque
1218 2594 1227 2603 .
1248 2594 1285 2603 ..
1326 2561 1432 2604 talia
1472 2560 1677 2615 sperabat)

130 2643 176 2681 et
209 2636 285 2679 alii
323 2635 406 2677 loci
447 2646 551 2687 quos
589 2633 690 2676 vide
729 2633 844 2686 apud
881 2631 1026 2675 Madv.
1062 2631 1119 2673 ad
1156 2629 1247 2674 Cio.
1287 2629 1384 2672 Fin.
1425 2629 1466 2674 V
1503 2634 1575 2682 15,
1617 2633 1682 2669 42.

130 2708 296 2751 Tamen
335 2706 379 2748 in
419 2703 689 2747 orationibus
729 2702 953 2746 Ciceronis
992 2701 1233 2754 exemplum
1278 2712 1363 2742 non
1409 2699 1556 2742 inveni
1604 2711 1685 2750 quo

130 2777 254 2822 verbi
284 2776 397 2819 finiti
431 2775 666 2829 singularis
698 2774 894 2827 legatur,
937 2784 1060 2824 quem
1095 2771 1266 2813 omnino
1309 2771 1444 2812 multo
1482 2769 1690 2811 rariorem

135 2861 230 2891 esse
262 2846 420 2900 plurali
453 2857 628 2887 numero
662 2845 789 2886 docet
823 2844 1007 2885 Kiihner
1038 2855 1075 2894 p.
1113 2845 1191 2882 187
1227 2853 1288 2892 sq.
