1833 3048
738 33 995 68 -6-

91 148 136 191 J.
170 147 230 190 Η.
274 145 474 190 Schmalz
517 146 561 188 in
604 144 921 199 grammaticae
963 144 1133 187 latinae
1176 143 1426 198 compendio
1461 148 1530 197 (=
1564 146 1643 189 Iw.

92 217 251 260 Miiller
292 215 409 259 Hdb.
442 217 528 270 Π),
572 215 628 258 ad
670 227 795 268 quem
835 214 920 269 ipsi
962 227 1092 269 saepe
1134 226 1416 263 recurremus,
1464 227 1558 258 cum
1600 218 1646 258 et

93 287 256 331 multas
287 298 357 330 res
389 286 518 341 longe
559 285 722 329 rectius
764 298 893 339 quam
932 285 1005 338 qui
1037 288 1142 328 ante
1174 297 1270 328 eum
1303 285 1524 339 explicare
1556 287 1646 328 stu-

96 358 281 400 duerunt
330 356 588 411 explicuerit
630 359 676 399 et
714 380 769 386 —
806 355 851 398 id
893 355 1005 409 quod
1047 355 1103 398 ad
1145 368 1223 399 nos
1265 356 1458 409 pertinet
1497 382 1551 387 ——
1592 356 1647 398 ad

98 427 312 473 Varronis
344 439 466 470 usum
499 426 753 481 diligentius
785 438 913 478 quam
945 425 1010 468 illi
1043 426 1326 480 spectaverit.

212 498 335 553 Quae
363 497 408 540 in
431 497 696 552 singulorum
718 497 946 540 verborum
964 509 1042 540 usu
1059 496 1272 541 Varronis
1295 496 1469 550 propria
1488 496 1645 552 sunt¹)‚

94 569 154 612 ad
187 581 240 612 ea
273 568 647 611 commemoranda
684 567 729 610 in
767 571 925 610 neutra
956 571 1084 621 parte
1115 567 1364 621 plerumque
1397 566 1568 610 occasio
1602 579 1648 609 se

94 639 261 683 offeret.
325 638 582 693 Speciminis
631 650 764 681 causa
800 650 942 691 pauca
972 637 1098 680 huius
1130 637 1301 692 generis
1333 637 1379 680 in
1410 636 1648 691 appendice

96 709 299 763 adiciam,
332 712 396 758 ut,
429 712 535 762 quot
565 720 636 751 res
669 720 882 761 quamque
903 707 1056 751 variae
1087 707 1132 750 in
1154 720 1349 751 sermone
1373 707 1647 753 Varroniano

96 779 387 834 explicatione
420 782 466 822 et
499 781 660 833 egeant
692 781 738 821 et
772 778 931 833 dignae
963 777 1074 831 sint,
1109 778 1350 821 ostendam.
1430 777 1528 831 Ipse
1560 790 1649 820 ma-

96 850 254 894 teriam
287 849 518 893 exhaurire
550 849 667 892 nullo
700 848 824 892 modo
852 848 987 902 potui.
1035 848 1235 902 Denique
1256 848 1301 891 in
1324 849 1467 891 altera
1491 860 1649 902 appen-

96 920 205 963 dicis
247 923 375 974 parte
407 919 460 963 de
499 919 649 974 paucis
691 918 798 962 locis
830 918 1119 964 Varronianis
1158 919 1261 972 quid
1292 919 1479 962 sentiam
1510 919 1650 972 prola-

97 994 222 1035 turus
254 1004 361 1035 sum.

215 1061 366 1105 Paene
398 1064 545 1105 autem
566 1061 680 1104 hanc
703 1060 1111 1104 commentationem
1134 1059 1190 1103 ad
1211 1059 1336 1103 finem
1364 1059 1651 1113 perduxeram

96 1132 154 1184 (si
173 1131 270 1175 finis
294 1144 391 1175 esse
413 1134 560 1186 potest
582 1131 647 1174 rei
668 1130 980 1185 imperfectae),
1006 1143 1100 1174 cum
1121 1129 1267 1184 prodit
1284 1129 1423 1172 Keilii
1441 1143 1651 1173 commen-

99 1202 254 1255 tarius,
298 1214 380 1255 quo
423 1202 531 1245 adeo
569 1201 708 1244 multa
745 1201 850 1244 mihi
887 1204 1124 1255 praerepta
1161 1199 1344 1255 cognovi
1382 1203 1432 1243 ut
1470 1201 1652 1254 primum

101 1273 347 1316 dubitarem
378 1285 478 1315 num
509 1273 619 1315 haec
652 1271 821 1315 omnino
851 1271 984 1327 digna
1008 1274 1157 1315 essent
1189 1283 1300 1323 quae
1333 1270 1651 1314 emitterentur.

100 1341 187 1386 Sed
208 1355 303 1386 cum
327 1343 467 1386 multa
488 1342 721 1396 reprimere
745 1342 978 1396 debuerim,
1012 1342 1225 1395 quaedam
1249 1354 1274 1384 a
1295 1341 1389 1386 viro
1411 1341 1652 1385 clarissimo

99 1413 205 1457 mihi
236 1413 394 1457 relicta
427 1426 524 1457 esse
556 1426 606 1456 eo
638 1413 778 1469 magis
811 1413 992 1468 gaudeo.

215 1485 311 1527 Iam
363 1484 614 1538 priusquam
661 1483 719 1526 ad
764 1483 904 1537 ipsam
946 1496 1036 1527 rem
1078 1483 1330 1538 aggrediar,
1380 1495 1509 1526 unum
1550 1484 1654 1527 mihi

97 1556 351 1599 monendum
397 1558 479 1597 est.
543 1554 662 1611 Quos
704 1555 826 1597 modo
868 1554 1049 1598 laudavi
1091 1554 1278 1598 Stiinkel
1321 1558 1366 1597 et
1405 1553 1459 1597 A.
1495 1555 1654 1598 Miiller

98 1638 174 1668 suo
216 1624 308 1668 iure
351 1624 487 1668 etiam
527 1624 779 1680 fragmenta
823 1625 1059 1668 satirarum
1092 1629 1418 1677 ceterorumque
1448 1624 1654 1668 librorum

100 1695 421 1750 deperditorum
443 1694 488 1739 in
509 1707 633 1738 usum
654 1699 939 1739 vocaverunt.
978 1695 1172 1738 Plurima
1196 1698 1343 1738 autem
1366 1707 1510 1738 eorum
1543 1709 1654 1749 quae

99 1778 179 1821 ego
221 1768 501 1809 tractaturus
543 1778 659 1820 sum,
722 1766 923 1819 quoniam
964 1770 1086 1809 recte
1128 1765 1358 1808 diiudicari
1403 1766 1655 1820 plerumque

98 1839 319 1890 nequeunt
364 1836 449 1879 nisi
489 1835 627 1880 totius
658 1835 743 1879 loci
775 1836 1025 1880 sententiae
1064 1840 1399 1889 structuraeque
1430 1836 1546 1879 ratio
1577 1837 1653 1879 ha-

98 1908 241 1957 betur,
274 1919 329 1950 ex
360 1906 633 1962 fragmentis,
667 1907 712 1950 in
735 1907 888 1961 quibus
910 1908 1003 1961 hoc,
1037 1907 1150 1961 quod
1177 1910 1371 1950 extremo
1393 1907 1486 1950 loco
1513 1905 1650 1960 posui,

98 1991 184 2022 non
225 1977 310 2021 nisi
350 1990 449 2021 raro
491 1977 586 2021 fieri
626 1990 753 2032 posse
795 1981 1000 2032 apparet,
1045 1990 1185 2032 pauca
1226 1980 1401 2021 tantum
1433 1976 1653 2021 enucleari

100 2048 220 2091 licet.
284 2048 574 2104 Quamobrem
614 2048 708 2102 ipse
750 2047 842 2091 fere
883 2049 1013 2103 plane
1058 2047 1228 2091 omissis
1276 2047 1536 2102 fragmentis
1579 2059 1652 2090 eos

104 2119 240 2162 solum
289 2118 362 2171 qui
409 2118 573 2173 integri
621 2122 854 2172 supersunt
915 2119 1048 2162 libros
1096 2117 1362 2161 adhibendos
1409 2117 1515 2160 mihi
1557 2129 1653 2160 esse

100 2188 364 2233 existimavi.

218 2316 323 2360 Not.
357 2317 570 2363 Varronis
598 2317 732 2360 libros
754 2316 880 2361 nudis
902 2317 1091 2361 numeris
1120 2316 1383 2372 significavi:
1418 2316 1579 2360 1—111
1596 2336 1651 2351 =

101 2400 181 2431 rer.
215 2391 324 2431 rust.
357 2387 473 2437 libri,
507 2388 659 2434 V—X
677 2408 731 2423 =
749 2387 851 2431 libri
884 2387 936 2431 de
967 2387 1118 2443 lingua
1149 2388 1227 2431 lat.

223 2538 252 2583 1)
277 2537 465 2574 Vocabula
503 2550 524 2574 a
557 2540 720 2574 Varrone
759 2542 823 2574 aut
861 2538 936 2573 solo
976 2541 1041 2573 ant
1079 2537 1193 2582 primo
1235 2540 1414 2582 usurpata
1455 2536 1652 2581 diligenter

104 2595 256 2641 collegit
273 2596 311 2632 L.
332 2596 529 2633 Stiinkel
548 2598 628 2643 (De
646 2597 876 2633 Varroniano.
893 2597 1084 2633 verborum
1101 2595 1341 2639 formatione’,
1360 2596 1513 2641 Argent.
1534 2595 1650 2640 1875),

105 2663 210 2698 quem
236 2654 267 2689 si
293 2664 386 2698 quae
411 2656 682 2700 praeterierunt
708 2666 752 2691 ea
777 2655 918 2691 addidit
934 2655 1028 2701 Aug.
1055 2655 1223 2690 Miiller
1247 2664 1279 2699 p.
1309 2654 1353 2689 63
1380 2663 1456 2698 sqq.
1486 2653 1651 2698 apposito

102 2711 206 2748 brevi
232 2722 356 2748 eorum
382 2713 639 2749 vocabulorum
665 2717 861 2758 conspectu
888 2723 1003 2758 „quae
1029 2723 1109 2749 cum
1135 2713 1200 2749 sub
1219 2711 1403 2749 Ciceronis
1428 2711 1651 2756 temporibus

103 2770 210 2815 plane
246 2770 411 2807 obsoleta
444 2776 579 2816 essent,
614 2783 636 2807 a
661 2773 824 2808 Varrone
851 2771 1062 2808 deliciarum
1089 2782 1199 2807 causa
1225 2782 1269 2806 ex
1293 2770 1524 2814 antiquorum
1550 2769 1651 2804 libris

104 2829 314 2875 deprompta
333 2831 449 2866 sunt.“
