1833 3048
263 533 334 574 lib.

270 1442 315 1480 eq
325 1445 345 1465 e!

987 111 1038 147 22

346 252 429 279 nem
467 242 513 279 R.
545 241 591 278 R.
629 244 661 286 1,
699 243 759 285 14,
792 242 838 285 23
871 239 976 278 Caes.
1007 241 1042 278 b.
1075 253 1110 288 g.
1144 242 1178 287 3,
1214 244 1275 288 14,
1308 243 1343 288 5,
1374 243 1441 280 nisi
1462 243 1585 290 potius
1613 242 1773 283 formam

345 302 535 355 'longurio'
578 305 711 345 suffixo
743 303 849 344 -ion-
889 318 911 344 a
951 302 1139 358 Zonyulus
1176 308 1230 345 ita
1261 307 1468 355 profectam
1499 320 1579 347 esse
1616 309 1771 358 iudicas,

347 377 384 408 ut
413 367 604 420 ‘longulio'
635 383 702 420 per
731 373 1054 411 dissimilationem
1084 376 1294 412 mutaretur
1323 375 1361 411 in
1393 369 1602 423 'longurio'.

375 465 556 505 Suffixum
599 465 701 504 -icm—
734 471 836 505 certo
868 469 1111 515 cognoscitur
1139 469 1176 505 in
1207 468 1408 506 vocabulo:

336 534 434 575 tilio:
467 543 535 576 sat.
566 538 612 576 fr.
644 539 721 575 256
754 538 814 584 (R.
850 540 938 582 157,
969 538 1010 587 6)
1041 535 1131 577 ‘tum
1160 540 1207 577 ad
1239 551 1297 577 me
1318 540 1456 587 ferunt,
1488 542 1585 588 quod
1615 542 1773 580 libellio—

347 615 431 641 nem
473 615 552 642 esse
591 598 782 648 sciebant',
821 604 917 651 quod
960 605 1058 642 idem
1098 609 1202 643 extat
1231 617 1290 653 ap.
1324 606 1419 645 Stat.
1451 607 1540 644 Silva
1572 611 1607 655 4,
1642 610 1678 654 9,
1710 611 1774 646 21.

344 665 468 708 'miser
496 665 658 708 libellio'.
719 670 859 717 Quodsi
901 671 971 708 hoc
1010 670 1261 719 fragmentum
1299 683 1381 709 cum
1422 674 1594 720 proxime
1624 678 1773 713 antece-

346 737 470 780 dente,
507 738 606 785 quod
641 741 699 775 est
729 732 838 784 'quod
873 737 960 774 dum
991 739 1217 783 ministrant,
1258 740 1295 775 in
1331 738 1464 776 scrobe
1506 739 1683 778 fodiendo
1718 742 1774 778 in-

346 804 496 840 veniunt
525 798 661 841 arcam'
684 803 937 846 coniunxeris,
963 804 1163 840 verisimile
1202 804 1243 840 fit
1274 803 1483 842 Varronem
1513 806 1692 843 vocabulo
1730 807 1774 843 li-

350 869 522 907 bellionis
565 880 669 907 suam
709 870 826 916 ipsius
865 870 1051 906 actionem
1095 870 1218 917 lepide
1261 874 1298 908 et
1342 872 1466 908 iocose
1504 872 1672 910 iudicare
1712 883 1777 910 vo-

348 936 472 972 luisse.
540 935 654 972 Haud
694 937 822 982 inepte
862 936 958 972 enim
1000 931 1154 972 Vahlen
1191 934 1462 984 (Coniectanea
1500 949 1536 984 p.
1573 936 1774 985 11013116-

345 1002 492 1046 picatur
522 1012 650 1038 arcam
681 1002 796 1048 illam,
829 1001 874 1039 de
895 1013 969 1049 qua
999 1002 1113 1040 verba
1142 1001 1274 1039 fecerit
1304 1001 1350 1039 fr.
1380 1003 1471 1050 255,
1502 1003 1666 1040 fortasse
1695 1003 1775 1040 Nu-

351 1077 432 1104 mae
460 1067 637 1113 Pompilii
667 1067 784 1104 libros
815 1078 834 1104 e
865 1072 971 1105 terra
1001 1072 1127 1105 erutos
1158 1068 1397 1112 continuisse,
1437 1079 1529 1114 quos
1568 1069 1615 1105 ad
1659 1080 1697 1105 se
1736 1075 1778 1106 111,

346 1133 573 1170 libellionem
604 1135 627 1171 i.
647 1144 678 1171 e.
710 1133 893 1171 librorum
928 1135 1090 1180 peritum
1127 1138 1164 1170 et
1194 1133 1445 1171 confectorem
1477 1125 1771 1182 (Buecherling

347 1203 384 1234 ut
430 1199 587 1236 adnotat.
632 1194 856 1236 Buecheler
905 1199 976 1237 Rh.
1025 1200 1122 1236 Mus.
1160 1199 1230 1235 XX
1278 1210 1312 1245 p.
1356 1198 1451 1245 438)
1504 1199 1651 1236 adlatos
1696 1211 1778 1237 esse

355 1265 474 1303 Varro
507 1265 670 1302 finxerit.

376 1359 486 1397 Addo
515 1360 603 1397 huie
634 1360 900 1398 vocabulorum
931 1361 1041 1398 classi
1073 1360 1369 1398 substantivum:

354 1428 430 1467 riso:
470 1431 570 1478 quod
600 1443 694 1469 nove
723 1435 761 1469 et-
791 1432 969 1469 inusitate
997 1433 1196 1470 formatum
1229 1436 1284 1470 est
1313 1437 1349 1470 et
1380 1438 1531 1479 praeter
1560 1433 1779 1473 Varronem,

354 1499 415 1543 qui
465 1508 509 1535 eo
556 1497 807 1535 libentissime
844 1498 989 1536 videtur
1036 1510 1123 1536 usus
1165 1510 1256 1544 esse,
1315 1499 1417 1545 apud
1465 1499 1632 1536 melioris
1670 1501 1781 1535 notae

350 1564 556 1610 script-ores
585 1575 766 1611 nusquam
794 1565 948 1612 legitur.
977 1565 1096 1602 Extat
1126 1566 1224 1602 enim
1255 1575 1313 1611 ap.
1336 1565 1419 1601 Val.
1444 1564 1545 1602 Max.
1581 1565 1616 1611 7,
1650 1565 1671 1600 3
1707 1569 1780 1600 ext.

353 1634 385 1675 1,
415 1629 478 1667 ubi
509 1630 683 1668 latiorem
714 1632 766 1668 ita
783 1631 903 1668 induit
933 1632 1136 1676 notionem,
1167 1635 1208 1668 ut
1236 1631 1418 1668 asinarius
1449 1631 1510 1677 qui
1537 1629 1663 1677 paullo
1691 1634 1779 1668 ante

351 1701 662 1734 commemoratus
693 1691 912 1744 est‘equiso'
934 1698 1168 1744 appelletur3
1199 1697 1292 1734 ibid.
1313 1700 1388 1734 ext.
1418 1697 1461 1742 23
1482 1699 1561 1732 tum
1578 1707 1636 1743 ap.
1665 1695 1780 1742 Apul.

352 1764 398 1800 de
438 1763 507 1801 deo
537 1763 683 1801 Socrat.
727 1764 749 1800 5
788 1775 825 1810 p.
862 1764 957 1809 1293
998 1764 1110 1811 Apul.
1149 1765 1241 1801 Met..
1286 1766 1319 1801 7.
1368 1765 1414 1799 15
1453 1774 1488 1809 p.
1528 1764 1607 1798 473
1638 1762 1777 1808 ‘equiso

351 1824 630 1875 armentarius,
661 1830 749 1867 ibid.
783 1832 816 1876 8ἲ
845 1833 877 1876 1,
908 1842 944 1877 p.
970 1830 1060 1867 505.
1090 1829 1197 1867 Adde
1228 1828 1344 1867 Gloss.
1377 1828 1496 1866 Labb.
1530 1823 1780 1875 ’ἱπποκόμος

350 1907 480 1946 agaso,
495 1898 631 1943 equilio
645 1910 652 1942 ;
676 1897 820 1943 equisio
837 1887 1099 1943 innoxo'aog’,
1110 1897 1149 1932 in
1161 1896 1294 1942 quibus
1306 1895 1397 1932 nihil
1409 1894 1512 1932 aliud
1524 1895 1646 1931 latere
1670 1904 1782 1940 quam

352 1963 571 2001 vocabulum
621 1957 768 2011 ‘equiso'
823 1966 925 2000 recte
975 1962 1134 2000 coniecit
1189 1962 1391 2007 Quicherat
1444 1959 1540 1998 Add.
1596 1961 1669 1998 lex,
1714 1960 1781 1999 lat.

352 2029 474 2066 Varro
504 2030 631 2077 igitur,
663 2033 705 2066 ut
736 2030 906 2067 omittam
937 2029 1028 2066 duos
1062 2029 1165 2065 locos
1198 2022 1267 2078 (L.
1296 2027 1338 2065 L.
1372 2026 1475 2071 VIII,
1509 2029 1575 2072 14;
1617 2025 1666 2071 X,
1698 2025 1781 2070 28),

355 2095 415 2132 ubi
448 2107 479 2132 v.
504 2083 652 2142 'equiso'
684 2100 725 2133 ut
754 2095 801 2134 ab
833 2106 929 2143 equo
959 2095 1166 2133 derivatum
1187 2092 1308 2138 affert.
1341 2093 1471 2130 eodem
1501 2097 1560 2130 ter
1589 2093 1625 2130 in
1648 2093 1783 2129 satira—

354 2173 434 2199 rum
466 2160 690 2209 fragment-is
730 2163 783 2199 ita
822 2162 955 2209 utitur,
987 2166 1027 2199 ut
1055 2161 1112 2198 bis
1143 2163 1213 2198 sat.
1245 2159 1290 2196 fr.
1337 2160 1413 2195 118
1443 2159 1496 2204 (R
1544 2159 1631 2205 128,
1672 2157 1715 2203 1)
1747 2163 1782 2194 et

353 2230 429 2265 559
462 2226 523 2275 (R.
557 2228 647 2271 233,
667 2230 735 2273 11)
768 2228 815 2265 de
845 2228 890 2265 iis
921 2227 1080 2273 dicatur,
1111 2228 1172 2274 qui
1204 2237 1319 2272 equos
1349 2225 1503 2263 domant
1533 2229 1569 2262 et
1599 2224 1783 2263 condoce-

353 2294 508 2339 faciunt,
541 2298 610 2332 sat.
644 2294 690 2331 fr.
722 2295 800 2330 276
833 2291 894 2342 (R.
932 2295 1018 2341 161,
1042 2296 1082 2339 2)
1113 2288 1263 2330 'nautici
1295 2286 1501 2339 equisones’
1537 2290 1781 2339 appellentur

356 2362 392 2407 ii,
425 2361 488 2408 qui
518 2371 631 2397 naves
660 2359 808 2398 funibus
838 2371 906 2406 per
934 2359 1071 2398 flumen
1109 2360 1271 2397 trahunt¹
1320 2359 1605 2396 Formationem
1632 2355 1780 2403 quidem

354 2427 461 2464 liuius
482 2426 668 2470 vocabuli,
700 2438 807 2474 quae,
843 2431 1025 2473 quantum
1042 2427 1162 2471 video,
1194 2431 1275 2463 tota
1297 2428 1331 2462 in
1361 2425 1551 2462 latinitate
1581 2423 1780 2470 singulari-

355 2498 414 2530 ter
445 2496 560 2538 extat,
594 2493 641 2531 ad
673 2504 886 2532 sermonem
915 2493 1115 2541 plebeium,
1148 2493 1284 2539 quippe
1315 2492 1375 2538 qui
1407 2490 1505 2528 haud
1548 2499 1687 2537 paucas
1724 2490 1780 2525 in-

363 2560 495 2596 solitas
524 2559 666 2598 formas
696 2563 881 2607 procreet,
922 2558 1156 2598 referendam
1188 2569 1267 2595 esse
1306 2558 1484 2605 suspicor.
1544 2555 1602 2593 De
1634 2555 1782 2601 quanti-

355 2630 434 2663 tate
474 2622 490 2661 i
528 2626 701 2672 litterae,
751 2625 797 2663 de
837 2636 911 2672 qua
958 2627 1057 2664 iuter
1091 2617 1393 2661 ‘Buechelerum
1444 2623 1530 2670 (Rh.
1570 2623 1667 2659 Mus.
1707 2620 1777 2657 XX

360 2704 393 2737 p.
420 2687 515 2740 402)
533 2696 569 2730 et
583 2688 771 2729 Riesium
802 2691 892 2739 (Rh.
917 2693 1016 2730 Mus.
1047 2691 1138 2729 XXI
1170 2703 1203 2738 p.
1231 2687 1324 2739 120}
1357 2701 1493 2738 magna
1510 2693 1565 2726 est
1585 2687 1780 2728 dissensio5

356 2759 447 2795 certi
478 2758 677 2805 quidquam
708 2757 881 2805 proferre
913 2769 985 2796 non
1017 2758 1149 2795 audeo.
