<?xml version="1.0" encoding="UTF-8"?>
<!DOCTYPE html PUBLIC "-//W3C//DTD XHTML 1.0 Transitional//EN"
    "http://www.w3.org/TR/xhtml1/DTD/xhtml1-transitional.dtd">
<html xmlns="http://www.w3.org/1999/xhtml" xml:lang="en" lang="en">
 <head>
  <title>
</title>
<meta http-equiv="Content-Type" content="text/html;charset=utf-8" />
  <meta name='ocr-system' content='tesseract 3.04.00' />
  <meta name='ocr-capabilities' content='ocr_page ocr_carea ocr_par ocr_line ocrx_word'/>
</head>
<body>
  <div class='ocr_page' id='page_1' title='image "./syntaxislucretia00holtuoft_0423.png"; bbox 0 0 1833 3048; ppageno 0'>
   <div class='ocr_carea' id='block_1_1' title="bbox 799 67 1084 102">
    <p class='ocr_par' dir='ltr' id='par_1_1' title="bbox 799 67 1084 102">
     <span class='ocr_line' id='line_1_1' title="bbox 799 67 1084 102; baseline 0.004 -11"><span class='ocrx_word' id='word_1_1' title='bbox 799 67 1084 102; x_wconf 53' lang='lat'>„45-</span> 
     </span>
    </p>
   </div>
   <div class='ocr_carea' id='block_1_2' title="bbox 170 178 1719 585">
    <p class='ocr_par' dir='ltr' id='par_1_2' title="bbox 170 178 1719 514">
     <span class='ocr_line' id='line_1_2' title="bbox 286 178 1717 222; baseline 0.001 -1"><span class='ocrx_word' id='word_1_2' title='bbox 286 178 494 221; x_wconf 84' lang='lat' dir='ltr'>Conferre</span> <span class='ocrx_word' id='word_1_3' title='bbox 540 178 666 220; x_wconf 86' lang='lat' dir='ltr'>iuvat</span> <span class='ocrx_word' id='word_1_4' title='bbox 713 178 935 221; x_wconf 81' lang='lat' dir='ltr'>Ciceronis</span> <span class='ocrx_word' id='word_1_5' title='bbox 983 191 1117 221; x_wconf 85' lang='lat' dir='ltr'>usum.</span> <span class='ocrx_word' id='word_1_6' title='bbox 1181 180 1233 221; x_wconf 88' lang='lat' dir='ltr'>In</span> <span class='ocrx_word' id='word_1_7' title='bbox 1282 179 1371 222; x_wconf 88' lang='lat' dir='ltr'>eius</span> <span class='ocrx_word' id='word_1_8' title='bbox 1421 179 1472 221; x_wconf 88' lang='lat' dir='ltr'>de</span> <span class='ocrx_word' id='word_1_9' title='bbox 1521 179 1717 222; x_wconf 87' lang='lat' dir='ltr'>amicitia</span> 
     </span>
     <span class='ocr_line' id='line_1_3' title="bbox 173 248 1717 303; baseline 0.001 -13"><span class='ocrx_word' id='word_1_10' title='bbox 173 249 283 292; x_wconf 92' lang='lat' dir='ltr'>libro</span> <span class='ocrx_word' id='word_1_11' title='bbox 331 262 440 302; x_wconf 88' lang='lat' dir='ltr'>quae</span> <span class='ocrx_word' id='word_1_12' title='bbox 488 248 679 291; x_wconf 90' lang='lat' dir='ltr'>eiusdem</span> <span class='ocrx_word' id='word_1_13' title='bbox 727 249 1026 292; x_wconf 75' lang='lat' dir='ltr'>collocationis</span> <span class='ocrx_word' id='word_1_14' title='bbox 1074 250 1271 303; x_wconf 85' lang='lat' dir='ltr'>exempla</span> <span class='ocrx_word' id='word_1_15' title='bbox 1312 249 1606 298; x_wconf 87' lang='lat' dir='ltr'>inveniuntur,</span> <span class='ocrx_word' id='word_1_16' title='bbox 1665 262 1717 291; x_wconf 91' lang='lat' dir='ltr'>ea</span> 
     </span>
     <span class='ocr_line' id='line_1_4' title="bbox 174 319 1718 374; baseline 0.001 -13"><span class='ocrx_word' id='word_1_17' title='bbox 174 319 335 373; x_wconf 87' lang='lat' dir='ltr'>partim</span> <span class='ocrx_word' id='word_1_18' title='bbox 370 319 556 362; x_wconf 88' lang='lat' dir='ltr'>collecta</span> <span class='ocrx_word' id='word_1_19' title='bbox 588 323 690 362; x_wconf 91' lang='lat' dir='ltr'>sunt</span> <span class='ocrx_word' id='word_1_20' title='bbox 722 319 765 361; x_wconf 90' lang='lat' dir='ltr'>in</span> <span class='ocrx_word' id='word_1_21' title='bbox 799 319 988 362; x_wconf 82' lang='lat' dir='ltr'>editione</span> <span class='ocrx_word' id='word_1_22' title='bbox 1013 332 1138 372; x_wconf 88' lang='lat' dir='ltr'>quam</span> <span class='ocrx_word' id='word_1_23' title='bbox 1163 324 1427 363; x_wconf 89' lang='lat' dir='ltr'>curaverunt</span> <span class='ocrx_word' id='word_1_24' title='bbox 1451 319 1640 374; x_wconf 86' lang='lat' dir='ltr'>Seyffert</span> <span class='ocrx_word' id='word_1_25' title='bbox 1672 323 1718 362; x_wconf 86' lang='lat' dir='ltr'>et</span> 
     </span>
     <span class='ocr_line' id='line_1_5' title="bbox 174 389 1719 444; baseline 0.001 -14"><span class='ocrx_word' id='word_1_26' title='bbox 174 389 333 432; x_wconf 77' lang='lat' dir='ltr'>Miiller</span> <span class='ocrx_word' id='word_1_27' title='bbox 365 389 479 444; x_wconf 86' lang='lat' dir='ltr'>(pag.</span> <span class='ocrx_word' id='word_1_28' title='bbox 501 393 552 431; x_wconf 83' lang='lat'>97</span> <span class='ocrx_word' id='word_1_29' title='bbox 587 389 714 443; x_wconf 80' lang='lat' dir='ltr'>init).</span> <span class='ocrx_word' id='word_1_30' title='bbox 764 389 974 433; x_wconf 83' lang='lat' dir='ltr'>Omnibus</span> <span class='ocrx_word' id='word_1_31' title='bbox 1007 390 1202 433; x_wconf 80' lang='lat' dir='ltr'>collectis</span> <span class='ocrx_word' id='word_1_32' title='bbox 1234 391 1430 434; x_wconf 87' lang='lat' dir='ltr'>invenies</span> <span class='ocrx_word' id='word_1_33' title='bbox 1463 403 1558 433; x_wconf 89' lang='lat' dir='ltr'>eam</span> <span class='ocrx_word' id='word_1_34' title='bbox 1591 390 1719 433; x_wconf 90' lang='lat' dir='ltr'>collo-</span> 
     </span>
     <span class='ocr_line' id='line_1_6' title="bbox 170 460 802 514; baseline 0 -12"><span class='ocrx_word' id='word_1_35' title='bbox 170 460 386 503; x_wconf 89' lang='lat' dir='ltr'>cationem</span> <span class='ocrx_word' id='word_1_36' title='bbox 419 463 673 514; x_wconf 80' lang='lat' dir='ltr'><strong>usurpatam</strong></span> <span class='ocrx_word' id='word_1_37' title='bbox 706 472 802 502; x_wconf 87' lang='lat' dir='ltr'>esse</span> 
     </span>
    </p>

    <p class='ocr_par' dir='ltr' id='par_1_3' title="bbox 449 530 1435 585">
     <span class='ocr_line' id='line_1_7' title="bbox 449 530 1435 585; baseline 0.001 -13"><span class='ocrx_word' id='word_1_38' title='bbox 449 534 531 572; x_wconf 92' lang='lat' dir='ltr'>ter</span> <span class='ocrx_word' id='word_1_39' title='bbox 641 530 685 572; x_wconf 91' lang='lat' dir='ltr'>in</span> <span class='ocrx_word' id='word_1_40' title='bbox 717 531 938 584; x_wconf 86' lang='lat' dir='ltr'>particula</span> <span class='ocrx_word' id='word_1_41' title='bbox 971 545 1074 573; x_wconf 73' lang='lat' dir='ltr'>cum</span> <span class='ocrx_word' id='word_1_42' title='bbox 1116 534 1139 583; x_wconf 69' lang='grc' dir='ltr'>ξ</span> <span class='ocrx_word' id='word_1_43' title='bbox 1177 535 1241 585; x_wconf 86' lang='grc'>16,</span> <span class='ocrx_word' id='word_1_44' title='bbox 1278 536 1345 581; x_wconf 84' lang='grc'>48,</span> <span class='ocrx_word' id='word_1_45' title='bbox 1381 537 1435 573; x_wconf 71' lang='grc'>94</span> 
     </span>
    </p>
   </div>
   <div class='ocr_carea' id='block_1_3' title="bbox 448 602 1433 795">
    <p class='ocr_par' dir='ltr' id='par_1_4' title="bbox 448 602 1433 795">
     <span class='ocr_line' id='line_1_8' title="bbox 448 602 1433 656; baseline 0 -13"><span class='ocrx_word' id='word_1_46' title='bbox 448 604 531 643; x_wconf 83' lang='lat' dir='ltr'>ter</span> <span class='ocrx_word' id='word_1_47' title='bbox 654 634 672 654; x_wconf 84' lang='lat'>‚‚</span> <span class='ocrx_word' id='word_1_48' title='bbox 811 635 830 655; x_wconf 87' lang='lat'>„</span> <span class='ocrx_word' id='word_1_49' title='bbox 974 602 1019 643; x_wconf 85' lang='lat' dir='ltr'>si</span> <span class='ocrx_word' id='word_1_50' title='bbox 1178 607 1242 656; x_wconf 75' lang='grc'>14,</span> <span class='ocrx_word' id='word_1_51' title='bbox 1278 607 1345 656; x_wconf 85' lang='grc'>28,</span> <span class='ocrx_word' id='word_1_52' title='bbox 1382 607 1433 643; x_wconf 81' lang='grc'>54</span> 
     </span>
     <span class='ocr_line' id='line_1_9' title="bbox 448 671 1333 726; baseline 0.001 -13"><span class='ocrx_word' id='word_1_53' title='bbox 448 671 526 714; x_wconf 83' lang='grc'><strong>1113</strong></span> <span class='ocrx_word' id='word_1_54' title='bbox 652 704 670 724; x_wconf 87' lang='grc'>,,</span> <span class='ocrx_word' id='word_1_55' title='bbox 811 703 827 720; x_wconf 83' lang='grc'>,,</span> <span class='ocrx_word' id='word_1_56' title='bbox 973 676 1025 713; x_wconf 72' lang='lat' dir='ltr'>ut</span> <span class='ocrx_word' id='word_1_57' title='bbox 1177 677 1245 726; x_wconf 84' lang='lat'>64,</span> <span class='ocrx_word' id='word_1_58' title='bbox 1282 676 1333 714; x_wconf 82' lang='lat'>87</span> 
     </span>
     <span class='ocr_line' id='line_1_10' title="bbox 451 742 1233 795; baseline -0.003 -10"><span class='ocrx_word' id='word_1_59' title='bbox 451 742 608 785; x_wconf 87' lang='lat' dir='ltr'>semel</span> <span class='ocrx_word' id='word_1_60' title='bbox 654 775 673 795; x_wconf 93' lang='grc'>,,</span> <span class='ocrx_word' id='word_1_61' title='bbox 812 775 830 794; x_wconf 91' lang='grc'>,,</span> <span class='ocrx_word' id='word_1_62' title='bbox 974 756 1030 784; x_wconf 68' lang='lat' dir='ltr'>ize</span> <span class='ocrx_word' id='word_1_63' title='bbox 1182 748 1233 783; x_wconf 89' lang='grc'>99</span> 
     </span>
    </p>
   </div>
   <div class='ocr_carea' id='block_1_4' title="bbox 167 811 1725 2280">
    <p class='ocr_par' dir='ltr' id='par_1_5' title="bbox 451 811 1244 856">
     <span class='ocr_line' id='line_1_11' title="bbox 451 811 1244 856; baseline 0 0"><span class='ocrx_word' id='word_1_64' title='bbox 451 813 609 856; x_wconf 89' lang='grc'><strong>3611161</strong></span> <span class='ocrx_word' id='word_1_65' title='bbox 641 813 685 855; x_wconf 88' lang='grc'>111</span> <span class='ocrx_word' id='word_1_66' title='bbox 709 811 937 855; x_wconf 89' lang='lat' dir='ltr'>enuntiato</span> <span class='ocrx_word' id='word_1_67' title='bbox 960 813 1148 856; x_wconf 85' lang='lat' dir='ltr'>relativo</span> <span class='ocrx_word' id='word_1_68' title='bbox 1182 818 1244 856; x_wconf 89' lang='lat'>19.</span> 
     </span>
    </p>

    <p class='ocr_par' dir='ltr' id='par_1_6' title="bbox 167 882 1725 2128">
     <span class='ocr_line' id='line_1_12' title="bbox 294 882 1719 936; baseline -0.001 -10"><span class='ocrx_word' id='word_1_69' title='bbox 294 884 367 926; x_wconf 89' lang='lat' dir='ltr'>Ad</span> <span class='ocrx_word' id='word_1_70' title='bbox 399 885 477 928; x_wconf 89' lang='lat' dir='ltr'>hos</span> <span class='ocrx_word' id='word_1_71' title='bbox 510 884 656 926; x_wconf 90' lang='lat' dir='ltr'>decem</span> <span class='ocrx_word' id='word_1_72' title='bbox 689 883 806 926; x_wconf 91' lang='lat' dir='ltr'>locos</span> <span class='ocrx_word' id='word_1_73' title='bbox 851 882 888 925; x_wconf 90' lang='lat' dir='ltr'>ei</span> <span class='ocrx_word' id='word_1_74' title='bbox 929 883 1143 926; x_wconf 71' lang='lat' dir='ltr'>accedunt</span> <span class='ocrx_word' id='word_1_75' title='bbox 1188 884 1340 936; x_wconf 88' lang='lat' dir='ltr'>quibus</span> <span class='ocrx_word' id='word_1_76' title='bbox 1380 882 1609 926; x_wconf 79' lang='lat' dir='ltr'>collocatio</span> <span class='ocrx_word' id='word_1_77' title='bbox 1642 883 1719 925; x_wconf 89' lang='lat' dir='ltr'>illa</span> 
     </span>
     <span class='ocr_line' id='line_1_13' title="bbox 169 953 1719 1008; baseline -0.001 -12"><span class='ocrx_word' id='word_1_78' title='bbox 169 967 253 997; x_wconf 89' lang='lat' dir='ltr'>non</span> <span class='ocrx_word' id='word_1_79' title='bbox 287 967 462 998; x_wconf 89' lang='lat' dir='ltr'>numero</span> <span class='ocrx_word' id='word_1_80' title='bbox 494 955 720 998; x_wconf 86' lang='lat' dir='ltr'>verborum</span> <span class='ocrx_word' id='word_1_81' title='bbox 754 955 830 997; x_wconf 91' lang='lat' dir='ltr'>sed</span> <span class='ocrx_word' id='word_1_82' title='bbox 861 954 1085 997; x_wconf 86' lang='lat' dir='ltr'>sententia</span> <span class='ocrx_word' id='word_1_83' title='bbox 1125 954 1426 1008; x_wconf 85' lang='lat' dir='ltr'>flagitabatur,</span> <span class='ocrx_word' id='word_1_84' title='bbox 1460 953 1719 1007; x_wconf 88' lang='lat' dir='ltr'>praesertim</span> 
     </span>
     <span class='ocr_line' id='line_1_14' title="bbox 167 1024 1721 1080; baseline -0.002 -12"><span class='ocrx_word' id='word_1_85' title='bbox 167 1025 211 1067; x_wconf 90' lang='lat' dir='ltr'>in</span> <span class='ocrx_word' id='word_1_86' title='bbox 252 1025 671 1080; x_wconf 83' lang='lat' dir='ltr'>interrogationibus</span> <span class='ocrx_word' id='word_1_87' title='bbox 716 1024 899 1078; x_wconf 84' lang='lat' dir='ltr'>obliquis</span> <span class='ocrx_word' id='word_1_88' title='bbox 941 1025 1063 1067; x_wconf 86' lang='lat' dir='ltr'>velut</span> <span class='ocrx_word' id='word_1_89' title='bbox 1097 1027 1119 1076; x_wconf 69' lang='grc' dir='ltr'>ξ</span> <span class='ocrx_word' id='word_1_90' title='bbox 1154 1028 1206 1065; x_wconf 87' lang='grc'>80</span> <span class='ocrx_word' id='word_1_91' title='bbox 1257 1025 1372 1066; x_wconf 77' lang='lat' dir='ltr'>Haec</span> <span class='ocrx_word' id='word_1_92' title='bbox 1418 1025 1480 1066; x_wconf 69' lang='lat' dir='ltr'>ris</span> <span class='ocrx_word' id='word_1_93' title='bbox 1512 1024 1721 1065; x_wconf 78' lang='lat' dir='ltr'>amicitiae</span> 
     </span>
     <span class='ocr_line' id='line_1_15' title="bbox 169 1093 1720 1149; baseline -0.001 -12"><span class='ocrx_word' id='word_1_94' title='bbox 169 1096 305 1149; x_wconf 73' lang='lat' dir='ltr'>qualis</span> <span class='ocrx_word' id='word_1_95' title='bbox 337 1100 375 1137; x_wconf 75' lang='lat' dir='ltr'>et</span> <span class='ocrx_word' id='word_1_96' title='bbox 405 1100 562 1149; x_wconf 68' lang='lat' dir='ltr'>quanta</span> <span class='ocrx_word' id='word_1_97' title='bbox 593 1097 658 1137; x_wconf 73' lang='lat' dir='ltr'>sit.</span> <span class='ocrx_word' id='word_1_98' title='bbox 711 1095 797 1139; x_wconf 84' lang='lat' dir='ltr'>Sed</span> <span class='ocrx_word' id='word_1_99' title='bbox 829 1095 963 1138; x_wconf 90' lang='lat' dir='ltr'>etiam</span> <span class='ocrx_word' id='word_1_100' title='bbox 996 1095 1034 1137; x_wconf 92' lang='lat' dir='ltr'>si</span> <span class='ocrx_word' id='word_1_101' title='bbox 1065 1108 1211 1138; x_wconf 91' lang='lat' dir='ltr'>omnes</span> <span class='ocrx_word' id='word_1_102' title='bbox 1243 1096 1320 1137; x_wconf 91' lang='lat' dir='ltr'>hos</span> <span class='ocrx_word' id='word_1_103' title='bbox 1349 1095 1466 1138; x_wconf 91' lang='lat' dir='ltr'>locos</span> <span class='ocrx_word' id='word_1_104' title='bbox 1497 1093 1720 1137; x_wconf 87' lang='lat' dir='ltr'>incluseri-</span> 
     </span>
     <span class='ocr_line' id='line_1_16' title="bbox 170 1165 1720 1220; baseline -0.002 -11"><span class='ocrx_word' id='word_1_105' title='bbox 170 1178 276 1220; x_wconf 85' lang='lat' dir='ltr'>mus,</span> <span class='ocrx_word' id='word_1_106' title='bbox 320 1178 485 1209; x_wconf 80' lang='lat' dir='ltr'>summa</span> <span class='ocrx_word' id='word_1_107' title='bbox 520 1166 789 1209; x_wconf 82' lang='lat' dir='ltr'>vicenarium</span> <span class='ocrx_word' id='word_1_108' title='bbox 830 1178 1049 1208; x_wconf 91' lang='lat' dir='ltr'>numerum</span> <span class='ocrx_word' id='word_1_109' title='bbox 1098 1179 1182 1208; x_wconf 91' lang='lat' dir='ltr'>non</span> <span class='ocrx_word' id='word_1_110' title='bbox 1230 1167 1426 1209; x_wconf 80' lang='lat' dir='ltr'>excedet.</span> <span class='ocrx_word' id='word_1_111' title='bbox 1490 1165 1587 1209; x_wconf 89' lang='lat' dir='ltr'>Iam</span> <span class='ocrx_word' id='word_1_112' title='bbox 1617 1176 1720 1208; x_wconf 89' lang='lat' dir='ltr'>vero</span> 
     </span>
     <span class='ocr_line' id='line_1_17' title="bbox 170 1235 1721 1289; baseline -0.001 -9"><span class='ocrx_word' id='word_1_113' title='bbox 170 1250 265 1280; x_wconf 89' lang='lat' dir='ltr'>cum</span> <span class='ocrx_word' id='word_1_114' title='bbox 297 1237 512 1281; x_wconf 84' lang='lat' dir='ltr'>Varronis</span> <span class='ocrx_word' id='word_1_115' title='bbox 561 1236 672 1279; x_wconf 89' lang='lat' dir='ltr'>liber</span> <span class='ocrx_word' id='word_1_116' title='bbox 715 1250 837 1289; x_wconf 89' lang='lat' dir='ltr'>quem</span> <span class='ocrx_word' id='word_1_117' title='bbox 881 1236 1045 1279; x_wconf 87' lang='lat' dir='ltr'>contuli</span> <span class='ocrx_word' id='word_1_118' title='bbox 1092 1236 1135 1278; x_wconf 92' lang='grc'>111</span> <span class='ocrx_word' id='word_1_119' title='bbox 1167 1236 1306 1279; x_wconf 85' lang='lat' dir='ltr'>Keilii</span> <span class='ocrx_word' id='word_1_120' title='bbox 1339 1236 1401 1279; x_wconf 88' lang='lat' dir='ltr'>ed.</span> <span class='ocrx_word' id='word_1_121' title='bbox 1434 1235 1533 1278; x_wconf 89' lang='lat' dir='ltr'>min.</span> <span class='ocrx_word' id='word_1_122' title='bbox 1568 1247 1721 1279; x_wconf 86' lang='lat' dir='ltr'>versus</span> 
     </span>
     <span class='ocr_line' id='line_1_18' title="bbox 174 1307 1718 1361; baseline -0.003 -12"><span class='ocrx_word' id='word_1_123' title='bbox 174 1311 282 1349; x_wconf 74' lang='lat'>1858</span> <span class='ocrx_word' id='word_1_124' title='bbox 318 1307 557 1361; x_wconf 68' lang='lat' dir='ltr'>contineat,</span> <span class='ocrx_word' id='word_1_125' title='bbox 593 1307 816 1350; x_wconf 80' lang='lat' dir='ltr'>Ciceronis</span> <span class='ocrx_word' id='word_1_126' title='bbox 833 1307 1012 1350; x_wconf 90' lang='lat' dir='ltr'>Laelius</span> <span class='ocrx_word' id='word_1_127' title='bbox 1044 1307 1088 1350; x_wconf 91' lang='lat' dir='ltr'>in</span> <span class='ocrx_word' id='word_1_128' title='bbox 1122 1307 1271 1349; x_wconf 86' lang='lat' dir='ltr'>eadem</span> <span class='ocrx_word' id='word_1_129' title='bbox 1305 1307 1368 1349; x_wconf 89' lang='lat' dir='ltr'>ed.</span> <span class='ocrx_word' id='word_1_130' title='bbox 1390 1307 1553 1350; x_wconf 79' lang='lat' dir='ltr'>Teubn.</span> <span class='ocrx_word' id='word_1_131' title='bbox 1594 1309 1718 1358; x_wconf 69' lang='lat'><strong>1242,</strong></span> 
     </span>
     <span class='ocr_line' id='line_1_19' title="bbox 173 1376 1722 1432; baseline -0.002 -11"><span class='ocrx_word' id='word_1_132' title='bbox 173 1379 243 1421; x_wconf 91' lang='lat' dir='ltr'>hic</span> <span class='ocrx_word' id='word_1_133' title='bbox 274 1378 365 1421; x_wconf 82' lang='lat' dir='ltr'>fere</span> <span class='ocrx_word' id='word_1_134' title='bbox 397 1378 454 1420; x_wconf 87' lang='lat' dir='ltr'>ad</span> <span class='ocrx_word' id='word_1_135' title='bbox 486 1378 688 1421; x_wconf 86' lang='lat' dir='ltr'>amussim</span> <span class='ocrx_word' id='word_1_136' title='bbox 725 1379 832 1421; x_wconf 88' lang='lat' dir='ltr'>duas</span> <span class='ocrx_word' id='word_1_137' title='bbox 864 1382 1014 1431; x_wconf 84' lang='lat' dir='ltr'>partes</span> <span class='ocrx_word' id='word_1_138' title='bbox 1047 1378 1163 1421; x_wconf 89' lang='lat' dir='ltr'>illius</span> <span class='ocrx_word' id='word_1_139' title='bbox 1206 1381 1380 1432; x_wconf 86' lang='lat' dir='ltr'>aequat.</span> <span class='ocrx_word' id='word_1_140' title='bbox 1434 1376 1722 1432; x_wconf 83' lang='lat' dir='ltr'>Quamobrem</span> 
     </span>
     <span class='ocr_line' id='line_1_20' title="bbox 175 1447 1722 1503; baseline -0.002 -11"><span class='ocrx_word' id='word_1_141' title='bbox 175 1449 406 1492; x_wconf 85' lang='lat' dir='ltr'>collocatio</span> <span class='ocrx_word' id='word_1_142' title='bbox 446 1449 498 1491; x_wconf 89' lang='lat' dir='ltr'>de</span> <span class='ocrx_word' id='word_1_143' title='bbox 531 1461 615 1501; x_wconf 86' lang='lat' dir='ltr'>qua</span> <span class='ocrx_word' id='word_1_144' title='bbox 648 1449 741 1491; x_wconf 89' lang='lat' dir='ltr'>dico</span> <span class='ocrx_word' id='word_1_145' title='bbox 776 1449 813 1491; x_wconf 94' lang='lat' dir='ltr'>si</span> <span class='ocrx_word' id='word_1_146' title='bbox 845 1449 959 1502; x_wconf 87' lang='lat' dir='ltr'>apud</span> <span class='ocrx_word' id='word_1_147' title='bbox 990 1452 1220 1503; x_wconf 89' lang='lat' dir='ltr'>utrumque</span> <span class='ocrx_word' id='word_1_148' title='bbox 1254 1461 1391 1502; x_wconf 85' lang='lat' dir='ltr'>aeque</span> <span class='ocrx_word' id='word_1_149' title='bbox 1428 1447 1577 1491; x_wconf 91' lang='lat' dir='ltr'>multis</span> <span class='ocrx_word' id='word_1_150' title='bbox 1615 1447 1722 1490; x_wconf 92' lang='lat' dir='ltr'>locis</span> 
     </span>
     <span class='ocr_line' id='line_1_21' title="bbox 169 1518 1723 1574; baseline -0.001 -12"><span class='ocrx_word' id='word_1_151' title='bbox 169 1533 245 1574; x_wconf 91' lang='lat' dir='ltr'>pro</span> <span class='ocrx_word' id='word_1_152' title='bbox 278 1519 481 1573; x_wconf 86' lang='lat' dir='ltr'>portione</span> <span class='ocrx_word' id='word_1_153' title='bbox 513 1522 727 1573; x_wconf 82' lang='lat' dir='ltr'>usurpata</span> <span class='ocrx_word' id='word_1_154' title='bbox 761 1524 891 1572; x_wconf 70' lang='lat' dir='ltr'>esset,</span> <span class='ocrx_word' id='word_1_155' title='bbox 939 1520 984 1562; x_wconf 92' lang='grc'>111</span> <span class='ocrx_word' id='word_1_156' title='bbox 1017 1520 1227 1564; x_wconf 82' lang='lat' dir='ltr'>Varronis</span> <span class='ocrx_word' id='word_1_157' title='bbox 1274 1519 1385 1563; x_wconf 91' lang='lat' dir='ltr'>libro</span> <span class='ocrx_word' id='word_1_158' title='bbox 1432 1518 1584 1561; x_wconf 84' lang='lat' dir='ltr'>tricies</span> <span class='ocrx_word' id='word_1_159' title='bbox 1631 1518 1723 1561; x_wconf 85' lang='lat' dir='ltr'>fere</span> 
     </span>
     <span class='ocr_line' id='line_1_22' title="bbox 170 1589 1720 1644; baseline -0.002 -10"><span class='ocrx_word' id='word_1_160' title='bbox 170 1591 454 1634; x_wconf 88' lang='lat' dir='ltr'>inveniretur.</span> <span class='ocrx_word' id='word_1_161' title='bbox 520 1590 697 1633; x_wconf 87' lang='lat' dir='ltr'>Revera</span> <span class='ocrx_word' id='word_1_162' title='bbox 750 1593 799 1632; x_wconf 90' lang='lat' dir='ltr'>ut</span> <span class='ocrx_word' id='word_1_163' title='bbox 852 1590 1037 1633; x_wconf 86' lang='lat' dir='ltr'>vidimus</span> <span class='ocrx_word' id='word_1_164' title='bbox 1086 1591 1308 1634; x_wconf 85' lang='lat' dir='ltr'>invenitur</span> <span class='ocrx_word' id='word_1_165' title='bbox 1354 1590 1450 1644; x_wconf 90' lang='lat' dir='ltr'>plus</span> <span class='ocrx_word' id='word_1_166' title='bbox 1505 1589 1720 1644; x_wconf 82' lang='lat' dir='ltr'>sexagies.</span> 
     </span>
     <span class='ocr_line' id='line_1_23' title="bbox 169 1659 1722 1715; baseline -0.002 -11"><span class='ocrx_word' id='word_1_167' title='bbox 169 1663 332 1713; x_wconf 85' lang='lat' dir='ltr'>Itaque</span> <span class='ocrx_word' id='word_1_168' title='bbox 366 1661 404 1702; x_wconf 91' lang='lat' dir='ltr'>si</span> <span class='ocrx_word' id='word_1_169' title='bbox 425 1660 525 1702; x_wconf 91' lang='lat' dir='ltr'>hinc</span> <span class='ocrx_word' id='word_1_170' title='bbox 554 1660 762 1714; x_wconf 87' lang='lat' dir='ltr'>profectis</span> <span class='ocrx_word' id='word_1_171' title='bbox 786 1661 925 1715; x_wconf 87' lang='lat' dir='ltr'>legem</span> <span class='ocrx_word' id='word_1_172' title='bbox 958 1664 1156 1704; x_wconf 82' lang='lat' dir='ltr'>statuere</span> <span class='ocrx_word' id='word_1_173' title='bbox 1188 1661 1306 1715; x_wconf 87' lang='lat' dir='ltr'>licet,</span> <span class='ocrx_word' id='word_1_174' title='bbox 1339 1661 1384 1703; x_wconf 91' lang='lat' dir='ltr'>in</span> <span class='ocrx_word' id='word_1_175' title='bbox 1416 1660 1566 1713; x_wconf 87' lang='lat' dir='ltr'>aequis</span> <span class='ocrx_word' id='word_1_176' title='bbox 1588 1659 1722 1712; x_wconf 87' lang='lat' dir='ltr'>parti-</span> 
     </span>
     <span class='ocr_line' id='line_1_24' title="bbox 173 1731 1724 1786; baseline -0.001 -12"><span class='ocrx_word' id='word_1_177' title='bbox 173 1734 252 1775; x_wconf 88' lang='lat' dir='ltr'>bus</span> <span class='ocrx_word' id='word_1_178' title='bbox 277 1732 461 1786; x_wconf 86' lang='lat' dir='ltr'>singulis</span> <span class='ocrx_word' id='word_1_179' title='bbox 484 1732 762 1775; x_wconf 89' lang='lat' dir='ltr'>traiectionis</span> <span class='ocrx_word' id='word_1_180' title='bbox 785 1732 995 1786; x_wconf 81' lang='lat' dir='ltr'>exemplis</span> <span class='ocrx_word' id='word_1_181' title='bbox 1018 1731 1315 1776; x_wconf 88' lang='lat' dir='ltr'>Ciceronianis</span> <span class='ocrx_word' id='word_1_182' title='bbox 1349 1731 1463 1785; x_wconf 88' lang='lat' dir='ltr'>apud</span> <span class='ocrx_word' id='word_1_183' title='bbox 1481 1731 1724 1776; x_wconf 87' lang='lat' dir='ltr'>Varronem</span> 
     </span>
     <span class='ocr_line' id='line_1_25' title="bbox 175 1800 1723 1856; baseline -0.001 -11"><span class='ocrx_word' id='word_1_184' title='bbox 175 1803 280 1845; x_wconf 92' lang='lat' dir='ltr'>bina</span> <span class='ocrx_word' id='word_1_185' title='bbox 328 1802 525 1856; x_wconf 84' lang='lat' dir='ltr'>exempla</span> <span class='ocrx_word' id='word_1_186' title='bbox 571 1803 850 1856; x_wconf 90' lang='lat' dir='ltr'>respondent.</span> <span class='ocrx_word' id='word_1_187' title='bbox 915 1802 1100 1846; x_wconf 89' lang='lat' dir='ltr'>Omissis</span> <span class='ocrx_word' id='word_1_188' title='bbox 1141 1805 1287 1845; x_wconf 90' lang='lat' dir='ltr'>autem</span> <span class='ocrx_word' id='word_1_189' title='bbox 1321 1801 1383 1845; x_wconf 91' lang='lat' dir='ltr'>eis</span> <span class='ocrx_word' id='word_1_190' title='bbox 1415 1801 1522 1844; x_wconf 91' lang='lat' dir='ltr'>locis</span> <span class='ocrx_word' id='word_1_191' title='bbox 1570 1800 1723 1854; x_wconf 90' lang='lat' dir='ltr'>quibus</span> 
     </span>
     <span class='ocr_line' id='line_1_26' title="bbox 178 1872 1725 1927; baseline -0.001 -12"><span class='ocrx_word' id='word_1_192' title='bbox 178 1872 409 1915; x_wconf 89' lang='lat' dir='ltr'>collocatio</span> <span class='ocrx_word' id='word_1_193' title='bbox 440 1872 519 1915; x_wconf 90' lang='lat' dir='ltr'>illa</span> <span class='ocrx_word' id='word_1_194' title='bbox 567 1873 623 1916; x_wconf 89' lang='lat' dir='ltr'>ad</span> <span class='ocrx_word' id='word_1_195' title='bbox 655 1873 922 1917; x_wconf 88' lang='lat' dir='ltr'>sententiam</span> <span class='ocrx_word' id='word_1_196' title='bbox 964 1873 1215 1917; x_wconf 90' lang='lat' dir='ltr'>necessaria</span> <span class='ocrx_word' id='word_1_197' title='bbox 1257 1875 1369 1922; x_wconf 89' lang='lat' dir='ltr'>erat,</span> <span class='ocrx_word' id='word_1_198' title='bbox 1417 1884 1725 1927; x_wconf 82' lang='lat' dir='ltr'>cognoscemus</span> 
     </span>
     <span class='ocr_line' id='line_1_27' title="bbox 172 1942 1725 1997; baseline -0.001 -10"><span class='ocrx_word' id='word_1_199' title='bbox 172 1944 290 1987; x_wconf 87' lang='lat' dir='ltr'>inter</span> <span class='ocrx_word' id='word_1_200' title='bbox 324 1943 548 1987; x_wconf 84' lang='lat' dir='ltr'>Ciceronis</span> <span class='ocrx_word' id='word_1_201' title='bbox 579 1943 878 1997; x_wconf 88' lang='lat' dir='ltr'>Varronisque</span> <span class='ocrx_word' id='word_1_202' title='bbox 919 1956 1042 1987; x_wconf 91' lang='lat' dir='ltr'>usum</span> <span class='ocrx_word' id='word_1_203' title='bbox 1084 1956 1180 1987; x_wconf 90' lang='lat' dir='ltr'>eam</span> <span class='ocrx_word' id='word_1_204' title='bbox 1212 1943 1302 1986; x_wconf 83' lang='lat' dir='ltr'>fere</span> <span class='ocrx_word' id='word_1_205' title='bbox 1343 1942 1560 1986; x_wconf 88' lang='lat' dir='ltr'>rationem</span> <span class='ocrx_word' id='word_1_206' title='bbox 1590 1942 1725 1985; x_wconf 87' lang='lat' dir='ltr'>inter-</span> 
     </span>
     <span class='ocr_line' id='line_1_28' title="bbox 173 2014 1723 2067; baseline -0.001 -10"><span class='ocrx_word' id='word_1_207' title='bbox 173 2015 330 2058; x_wconf 85' lang='lat' dir='ltr'>cedere</span> <span class='ocrx_word' id='word_1_208' title='bbox 364 2026 475 2067; x_wconf 89' lang='lat' dir='ltr'>quae</span> <span class='ocrx_word' id='word_1_209' title='bbox 507 2014 746 2058; x_wconf 86' lang='lat' dir='ltr'>intercedit</span> <span class='ocrx_word' id='word_1_210' title='bbox 777 2015 894 2058; x_wconf 88' lang='lat' dir='ltr'>inter</span> <span class='ocrx_word' id='word_1_211' title='bbox 924 2015 1176 2067; x_wconf 90' lang='lat' dir='ltr'>primarium</span> <span class='ocrx_word' id='word_1_212' title='bbox 1206 2025 1428 2057; x_wconf 91' lang='lat' dir='ltr'>numerum</span> <span class='ocrx_word' id='word_1_213' title='bbox 1471 2017 1516 2056; x_wconf 91' lang='lat' dir='ltr'>et</span> <span class='ocrx_word' id='word_1_214' title='bbox 1549 2016 1723 2066; x_wconf 85' lang='lat' dir='ltr'>quater-</span> 
     </span>
     <span class='ocr_line' id='line_1_29' title="bbox 171 2085 350 2128; baseline -0.006 0"><span class='ocrx_word' id='word_1_215' title='bbox 171 2085 350 2128; x_wconf 88' lang='lat' dir='ltr'>narium.</span> 
     </span>
    </p>

    <p class='ocr_par' dir='ltr' id='par_1_7' title="bbox 172 2154 1723 2280">
     <span class='ocr_line' id='line_1_30' title="bbox 290 2154 1723 2209; baseline -0.001 -11"><span class='ocrx_word' id='word_1_216' title='bbox 290 2156 359 2198; x_wconf 82' lang='lat' dir='ltr'>Ex</span> <span class='ocrx_word' id='word_1_217' title='bbox 392 2155 593 2209; x_wconf 89' lang='lat' dir='ltr'>epistulis</span> <span class='ocrx_word' id='word_1_218' title='bbox 627 2155 848 2200; x_wconf 92' lang='lat' dir='ltr'>Ciceronis</span> <span class='ocrx_word' id='word_1_219' title='bbox 896 2155 1023 2199; x_wconf 90' lang='lat' dir='ltr'>huius</span> <span class='ocrx_word' id='word_1_220' title='bbox 1067 2154 1366 2198; x_wconf 88' lang='lat' dir='ltr'>collocationis</span> <span class='ocrx_word' id='word_1_221' title='bbox 1410 2154 1608 2208; x_wconf 87' lang='lat' dir='ltr'>exempla</span> <span class='ocrx_word' id='word_1_222' title='bbox 1650 2154 1723 2197; x_wconf 91' lang='lat' dir='ltr'>ad-</span> 
     </span>
     <span class='ocr_line' id='line_1_31' title="bbox 172 2225 862 2280; baseline 0 -11"><span class='ocrx_word' id='word_1_223' title='bbox 172 2226 350 2280; x_wconf 88' lang='lat' dir='ltr'>scripsit</span> <span class='ocrx_word' id='word_1_224' title='bbox 381 2225 605 2269; x_wconf 88' lang='lat' dir='ltr'>Hofmann</span> <span class='ocrx_word' id='word_1_225' title='bbox 637 2227 661 2268; x_wconf 95' lang='lat' dir='ltr'>I</span> <span class='ocrx_word' id='word_1_226' title='bbox 692 2240 731 2279; x_wconf 89' lang='lat' dir='ltr'>p.</span> <span class='ocrx_word' id='word_1_227' title='bbox 770 2231 862 2269; x_wconf 87' lang='lat'>167.</span> 
     </span>
    </p>
   </div>
   <div class='ocr_carea' id='block_1_5' title="bbox 177 2324 1725 2516">
    <p class='ocr_par' dir='ltr' id='par_1_8' title="bbox 177 2324 1725 2516">
     <span class='ocr_line' id='line_1_32' title="bbox 948 2325 1013 2362; baseline -0.031 0"><span class='ocrx_word' id='word_1_228' title='bbox 948 2325 1013 2362; x_wconf 81' lang='lat'>62.</span> 
     </span>
     <span class='ocr_line' id='line_1_33' title="bbox 297 2324 1725 2445; baseline 0 -12"><span class='ocrx_word' id='word_1_229' title='bbox 297 2390 447 2434; x_wconf 89' lang='lat' dir='ltr'>Etiam</span> <span class='ocrx_word' id='word_1_230' title='bbox 494 2391 671 2434; x_wconf 86' lang='lat' dir='ltr'>verbum</span> <span class='ocrx_word' id='word_1_231' title='bbox 717 2324 913 2433; x_wconf 61' lang='lat' dir='ltr'>finitum§</span> <span class='ocrx_word' id='word_1_232' title='bbox 933 2390 1106 2444; x_wconf 89' lang='lat' dir='ltr'>saepius</span> <span class='ocrx_word' id='word_1_233' title='bbox 1153 2390 1267 2445; x_wconf 90' lang='lat' dir='ltr'>apud</span> <span class='ocrx_word' id='word_1_234' title='bbox 1308 2391 1550 2437; x_wconf 86' lang='lat' dir='ltr'>Varronem</span> <span class='ocrx_word' id='word_1_235' title='bbox 1598 2402 1725 2444; x_wconf 90' lang='lat' dir='ltr'>quam</span> 
     </span>
     <span class='ocr_line' id='line_1_34' title="bbox 177 2460 1724 2516; baseline -0.001 -12"><span class='ocrx_word' id='word_1_236' title='bbox 177 2462 292 2516; x_wconf 91' lang='lat' dir='ltr'>apud</span> <span class='ocrx_word' id='word_1_237' title='bbox 337 2461 448 2504; x_wconf 89' lang='lat' dir='ltr'>alios</span> <span class='ocrx_word' id='word_1_238' title='bbox 490 2461 727 2515; x_wconf 87' lang='lat' dir='ltr'>scriptores</span> <span class='ocrx_word' id='word_1_239' title='bbox 771 2474 796 2504; x_wconf 91' lang='lat' dir='ltr'>a</span> <span class='ocrx_word' id='word_1_240' title='bbox 829 2473 908 2504; x_wconf 88' lang='lat' dir='ltr'>sua</span> <span class='ocrx_word' id='word_1_241' title='bbox 955 2461 1057 2504; x_wconf 85' lang='lat' dir='ltr'>sede</span> <span class='ocrx_word' id='word_1_242' title='bbox 1088 2461 1115 2504; x_wconf 91' lang='lat' dir='ltr'>i.</span> <span class='ocrx_word' id='word_1_243' title='bbox 1150 2474 1184 2504; x_wconf 92' lang='lat' dir='ltr'>e.</span> <span class='ocrx_word' id='word_1_244' title='bbox 1220 2474 1246 2503; x_wconf 88' lang='lat' dir='ltr'>a</span> <span class='ocrx_word' id='word_1_245' title='bbox 1287 2461 1370 2504; x_wconf 87' lang='lat' dir='ltr'>fine</span> <span class='ocrx_word' id='word_1_246' title='bbox 1415 2460 1724 2515; x_wconf 88' lang='lat' dir='ltr'>propositionis</span> 
     </span>
    </p>
   </div>
   <div class='ocr_carea' id='block_1_6' title="bbox 310 2546 450 2549">
    <p class='ocr_par' dir='ltr' id='par_1_9' title="bbox 310 2546 450 2549">
     <span class='ocr_line' id='line_1_35' title="bbox 310 2546 450 2549; baseline 0 0"><span class='ocrx_word' id='word_1_247' title='bbox 310 2546 450 2549; x_wconf 95' lang='lat' dir='ltr'> </span> 
     </span>
    </p>
   </div>
   <div class='ocr_carea' id='block_1_7' title="bbox 173 2576 1769 2917">
    <p class='ocr_par' dir='ltr' id='par_1_10' title="bbox 173 2576 1769 2742">
     <span class='ocr_line' id='line_1_36' title="bbox 176 2576 1725 2620; baseline -0.001 -7"><span class='ocrx_word' id='word_1_248' title='bbox 176 2578 274 2613; x_wconf 88' lang='lat' dir='ltr'>inter</span> <span class='ocrx_word' id='word_1_249' title='bbox 310 2577 497 2613; x_wconf 84' lang='lat' dir='ltr'>duodecim</span> <span class='ocrx_word' id='word_1_250' title='bbox 529 2578 627 2614; x_wconf 84' lang='lat' dir='ltr'>locos</span> <span class='ocrx_word' id='word_1_251' title='bbox 654 2578 829 2614; x_wconf 83' lang='lat' dir='ltr'>Varronis</span> <span class='ocrx_word' id='word_1_252' title='bbox 860 2587 952 2612; x_wconf 86' lang='lat' dir='ltr'>unus</span> <span class='ocrx_word' id='word_1_253' title='bbox 986 2582 1043 2613; x_wconf 88' lang='lat' dir='ltr'>est</span> <span class='ocrx_word' id='word_1_254' title='bbox 1068 2588 1136 2620; x_wconf 88' lang='lat' dir='ltr'>quo</span> <span class='ocrx_word' id='word_1_255' title='bbox 1163 2577 1365 2613; x_wconf 87' lang='lat' dir='ltr'>subiectum</span> <span class='ocrx_word' id='word_1_256' title='bbox 1392 2576 1574 2613; x_wconf 86' lang='lat' dir='ltr'>enuntiati</span> <span class='ocrx_word' id='word_1_257' title='bbox 1600 2586 1725 2612; x_wconf 85' lang='lat' dir='ltr'>secun-</span> 
     </span>
     <span class='ocr_line' id='line_1_37' title="bbox 177 2630 1769 2682; baseline 0 -11"><span class='ocrx_word' id='word_1_258' title='bbox 177 2637 270 2672; x_wconf 88' lang='lat' dir='ltr'>darii</span> <span class='ocrx_word' id='word_1_259' title='bbox 297 2637 541 2673; x_wconf 76' lang='lat' dir='ltr'>coniunctioni</span> <span class='ocrx_word' id='word_1_260' title='bbox 565 2637 774 2674; x_wconf 81' lang='lat' dir='ltr'>antecedat:</span> <span class='ocrx_word' id='word_1_261' title='bbox 803 2637 822 2672; x_wconf 94' lang='lat' dir='ltr'>I</span> <span class='ocrx_word' id='word_1_262' title='bbox 839 2638 885 2672; x_wconf 84' lang='grc'>46</span> <span class='ocrx_word' id='word_1_263' title='bbox 909 2636 1038 2672; x_wconf 75' lang='lat' dir='ltr'>horum</span> <span class='ocrx_word' id='word_1_264' title='bbox 1063 2637 1156 2671; x_wconf 81' lang='lat' dir='ltr'>enim</span> <span class='ocrx_word' id='word_1_265' title='bbox 1178 2636 1273 2682; x_wconf 81' lang='lat' dir='ltr'>folia</span> <span class='ocrx_word' id='word_1_266' title='bbox 1298 2648 1378 2672; x_wconf 83' lang='lat' dir='ltr'>cum</span> <span class='ocrx_word' id='word_1_267' title='bbox 1395 2640 1649 2673; x_wconf 77' lang='lat' dir='ltr'>converterunt</span> <span class='ocrx_word' id='word_1_268' title='bbox 1664 2647 1726 2679; x_wconf 81' lang='lat' dir='ltr'>se,·</span> <span class='ocrx_word' id='word_1_269' title='bbox 1766 2630 1769 2631; x_wconf 40' lang='lat'><em>⁷</em></span> 
     </span>
     <span class='ocr_line' id='line_1_38' title="bbox 173 2696 1017 2742; baseline 0 -11"><span class='ocrx_word' id='word_1_270' title='bbox 173 2696 319 2741; x_wconf 80' lang='lat' dir='ltr'>saepius</span> <span class='ocrx_word' id='word_1_271' title='bbox 353 2696 539 2733; x_wconf 84' lang='lat' dir='ltr'>antecedit</span> <span class='ocrx_word' id='word_1_272' title='bbox 562 2707 693 2733; x_wconf 88' lang='lat' dir='ltr'>nomen</span> <span class='ocrx_word' id='word_1_273' title='bbox 717 2696 1017 2742; x_wconf 86' lang='lat' dir='ltr'>praedicativum.</span> 
     </span>
    </p>

    <p class='ocr_par' dir='ltr' id='par_1_11' title="bbox 173 2753 1725 2917">
     <span class='ocr_line' id='line_1_39' title="bbox 297 2753 1725 2802; baseline -0.001 -12"><span class='ocrx_word' id='word_1_274' title='bbox 297 2755 466 2802; x_wconf 73' lang='lat' dir='ltr'>Ceterum</span> <span class='ocrx_word' id='word_1_275' title='bbox 502 2766 699 2801; x_wconf 87' lang='lat' dir='ltr'>pronomen</span> <span class='ocrx_word' id='word_1_276' title='bbox 736 2755 931 2791; x_wconf 85' lang='lat' dir='ltr'>relativum</span> <span class='ocrx_word' id='word_1_277' title='bbox 969 2754 1140 2790; x_wconf 86' lang='lat' dir='ltr'>similiter</span> <span class='ocrx_word' id='word_1_278' title='bbox 1177 2753 1378 2790; x_wconf 84' lang='lat' dir='ltr'>collocatur</span> <span class='ocrx_word' id='word_1_279' title='bbox 1414 2754 1511 2799; x_wconf 81' lang='lat' dir='ltr'>apud</span> <span class='ocrx_word' id='word_1_280' title='bbox 1552 2754 1725 2790; x_wconf 81' lang='lat' dir='ltr'>Plautum</span> 
     </span>
     <span class='ocr_line' id='line_1_40' title="bbox 173 2813 1722 2858; baseline -0.001 -9"><span class='ocrx_word' id='word_1_281' title='bbox 173 2814 384 2850; x_wconf 87' lang='lat' dir='ltr'>Lucretium</span> <span class='ocrx_word' id='word_1_282' title='bbox 420 2815 631 2851; x_wconf 78' lang='lat' dir='ltr'>Ciceronem</span> <span class='ocrx_word' id='word_1_283' title='bbox 666 2815 809 2850; x_wconf 80' lang='lat' dir='ltr'>Livium</span> <span class='ocrx_word' id='word_1_284' title='bbox 844 2813 923 2858; x_wconf 87' lang='lat' dir='ltr'>(cfr.</span> <span class='ocrx_word' id='word_1_285' title='bbox 959 2814 1127 2849; x_wconf 84' lang='lat' dir='ltr'>Kiihnast</span> <span class='ocrx_word' id='word_1_286' title='bbox 1162 2824 1194 2858; x_wconf 93' lang='lat' dir='ltr'>p.</span> <span class='ocrx_word' id='word_1_287' title='bbox 1230 2814 1326 2857; x_wconf 79' lang='lat'>313),</span> <span class='ocrx_word' id='word_1_288' title='bbox 1362 2823 1471 2858; x_wconf 82' lang='lat' dir='ltr'>saepe</span> <span class='ocrx_word' id='word_1_289' title='bbox 1505 2813 1601 2857; x_wconf 88' lang='lat' dir='ltr'>apud</span> <span class='ocrx_word' id='word_1_290' title='bbox 1625 2813 1722 2857; x_wconf 88' lang='lat' dir='ltr'>Apu·</span> 
     </span>
     <span class='ocr_line' id='line_1_41' title="bbox 175 2871 1724 2917; baseline 0 -10"><span class='ocrx_word' id='word_1_291' title='bbox 175 2872 297 2916; x_wconf 89' lang='lat' dir='ltr'>leium,</span> <span class='ocrx_word' id='word_1_292' title='bbox 315 2873 398 2909; x_wconf 87' lang='lat' dir='ltr'>vide</span> <span class='ocrx_word' id='word_1_293' title='bbox 417 2872 581 2909; x_wconf 84' lang='lat' dir='ltr'>Schmalz</span> <span class='ocrx_word' id='word_1_294' title='bbox 601 2874 623 2910; x_wconf 89' lang='lat' dir='ltr'>l,</span> <span class='ocrx_word' id='word_1_295' title='bbox 642 2873 663 2909; x_wconf 92' lang='lat'>1.</span> <span class='ocrx_word' id='word_1_296' title='bbox 692 2873 746 2908; x_wconf 89' lang='lat' dir='ltr'>De</span> <span class='ocrx_word' id='word_1_297' title='bbox 764 2872 925 2908; x_wconf 85' lang='lat' dir='ltr'>Varrone</span> <span class='ocrx_word' id='word_1_298' title='bbox 944 2871 1008 2907; x_wconf 83' lang='lat' dir='ltr'>cfr.</span> <span class='ocrx_word' id='word_1_299' title='bbox 1029 2872 1140 2907; x_wconf 87' lang='lat' dir='ltr'>etiam</span> <span class='ocrx_word' id='word_1_300' title='bbox 1158 2871 1330 2908; x_wconf 76' lang='lat' dir='ltr'>HeIdrich</span> <span class='ocrx_word' id='word_1_301' title='bbox 1346 2872 1597 2908; x_wconf 68' lang='lat' dir='ltr'>‘Varroniana&#39;</span> <span class='ocrx_word' id='word_1_302' title='bbox 1616 2883 1647 2917; x_wconf 85' lang='lat' dir='ltr'>p.</span> <span class='ocrx_word' id='word_1_303' title='bbox 1668 2873 1724 2907; x_wconf 84' lang='lat'>26.</span> 
     </span>
    </p>
   </div>
  </div>
 </body>
</html>
