1833 3048
741 42 1028 80 —52—

222 157 321 201 Hoc
362 157 652 209 exemplorum
695 158 931 209 conspectu
973 167 1231 208 quamquam
1269 168 1355 198 non
1393 167 1539 197 omnes
1577 155 1661 197 loci

107 228 179 282 qui
210 229 292 270 huc
324 227 548 281 pertinent
581 226 920 279 eontinentur1),
965 230 1114 268 tamen
1144 226 1188 268 id
1220 226 1291 268 vel
1323 226 1434 268 satis
1477 228 1662 279 apparet

105 299 242 342 multo
279 297 597 350 frequentiores
637 309 709 339 eos
750 309 846 339 esse
884 296 929 338 in
960 295 1084 338 libris
1117 296 1169 338 de
1201 297 1229 338 1.
1263 296 1290 338 1.
1325 308 1453 348 quam
1484 295 1529 337 in
1560 308 1593 337 r.
1627 309 1661 337 r.

106 369 243 413 libris.
309 367 405 423 Qua
438 380 532 410 cum
563 380 610 409 re
643 367 681 409 si
713 366 1023 409 contulerimus
1056 370 1101 409 et
1135 369 1328 409 aetatem
1368 379 1452 418 qua
1490 365 1664 417 utrique

107 440 208 483 libri
241 438 467 492 compositi
499 442 620 491 sunt,
663 441 708 480 et
741 437 1017 491 diligentiam
1049 449 1175 489 quam
1215 437 1261 478 in
1293 436 1354 479 eis
1389 435 1664 478 elaborandis

109 510 297 563 scriptor
335 508 553 562 adhibuit,
594 521 646 550 ea
685 520 796 560 quae
835 520 968 560 supra
1007 506 1049 562 (ξ
1084 507 1157 562 32)
1196 506 1381 549 diximus
1421 505 1666 548 confirmari

109 581 429 634 intellegemus.

229 651 326 693 Iam
359 662 462 693 vero
495 649 607 702 quod
638 649 683 691 in
714 648 781 691 his
805 647 1015 690 orationis
1039 648 1238 701 obliquae
1262 647 1502 691 enuntiatis
1525 646 1666 689 modo-

111 735 203 765 rum
237 734 339 763 usus
373 720 610 763 etiamdum
640 719 826 762 fluctuat
849 719 963 772 apud
987 719 1240 772 Varronem,
1275 731 1328 761 ne
1355 719 1400 760 in
1423 731 1474 761 ea
1497 718 1668 770 quidem

111 805 159 835 re
192 791 491 834 offendendum
524 794 593 833 est
626 789 738 842 quod
771 789 905 832 etiam
938 789 1007 831 hic
1037 802 1342 841 nonnunquam
1364 801 1417 830 ex
1439 801 1521 832 uno
1544 789 1666 831 modo

109 863 328 906 transitur
370 861 426 904 ad
469 861 673 913 alterum,
726 873 821 903 cum
863 859 1003 914 magis
1047 860 1293 912 quaesitam
1336 860 1669 914 elegantemque

112 937 380 977 structuram
425 931 691 975 coniunctivi
731 930 997 973 indicativus
1031 930 1222 984 excipiat
1254 933 1514 973 transeunte
1546 929 1668 972 nimi-

111 1017 204 1048 rum
249 1003 462 1057 scriptore
507 1003 562 1045 ad
603 1001 848 1044 liberiorem
882 1001 1206 1044 enuntiatorum
1238 1001 1504 1053 iuncturam,
1548 1001 1670 1043 velut

112 1075 234 1121 VIII
268 1079 319 1115 62
354 1073 530 1129 (Aiunt)
565 1109 572 1117 .
606 1109 613 1117 .
645 1079 683 1117 et
716 1075 784 1117 uba·
820 1074 1012 1129 fodiatur
1044 1078 1284 1129 arpentum,
1317 1073 1671 1129 Arqem‘ifodimts

114 1149 216 1201 dici,
268 1161 402 1201 neque
443 1147 515 1189 ubi
559 1145 752 1197 fodiatur
793 1147 975 1200 ferrmn,
1023 1144 1350 1199 Ferrifodinas,·
1398 1145 1472 1196 qni
1514 1145 1672 1195 lapides

115 1220 332 1262 caedunt
374 1217 623 1271 Lapz'oidas,
674 1217 747 1270 qual
795 1216 932 1270 liqna,
980 1215 1233 1270 Liynieidas
1281 1229 1372 1258 ozon
1412 1215 1519 1267 dicu·
1565 1213 1672 1255 item

114 1289 140 1331 1
164 1292 229 1341 9st
265 1301 370 1340 quae
400 1289 456 1330 sit
476 1289 629 1331 idonea
650 1291 764 1329 terra
789 1321 796 1328 .
823 1320 830 1328 .
855 1286 1103 1340 Diophanes
1125 1284 1362 1341 Bithynius
1384 1287 1509 1341 siqua
1531 1285 1674 1328 scribit

116 1361 228 1404 sumi
262 1372 386 1410 posse
427 1362 503 1401 aut
545 1373 595 1400 ea)
635 1359 728 1409 ipsa
772 1362 848 1400 aad
879 1372 984 1411 quae
1016 1362 1258 1400 pascantur
1290 1372 1340 1399 ex
1375 1357 1448 1399 iis:
1485 1371 1536 1398 ex
1570 1357 1672 1411 ipsa,

117 1433 154 1475 si
185 1431 251 1473 sit
282 1434 397 1472 terra
428 1429 522 1471 alba
545 1462 552 1470 .
578 1460 585 1467 .
612 1463 641 1481 .,
683 1443 733 1472 eoo
770 1429 826 1470 iis
864 1432 1003 1471 aufem
1040 1441 1144 1479 quae
1182 1432 1308 1471 enata
1346 1431 1448 1470 snm
1484 1428 1596 1482 fera,
1636 1427 1675 1468 sel

118 1505 237 1545 sunt
261 1501 436 1555 prolixa
467 1501 550 1540 etc.
576 1501 621 1540 et
643 1498 720 1540 III
744 1501 840 1550 9,13
865 1496 1060 1552 (putant)
1095 1513 1267 1541 excusos
1282 1499 1425 1552 pallos
1446 1498 1674 1541 subducen-

118 1575 219 1616 dum
256 1587 307 1615 ex
344 1571 528 1627 sinyzdz's
566 1571 682 1613 nidis
721 1575 758 1612 et
795 1570 1081 1612 subiciendmn
1121 1571 1158 1612 ei
1190 1584 1295 1623 quae
1325 1570 1472 1612 habeat
1495 1583 1675 1622 paucos3

120 1645 168 1687 ab
211 1657 338 1697 eaque
379 1643 417 1685 si
458 1642 621 1695 reliqua
660 1642 749 1684 sint
783 1655 859 1683 ora
883 1641 1111 1695 pauciora,
1151 1641 1333 1683 tollenda
1365 1645 1402 1682 ez‘
1433 1640 1676 1682 subicienda

121 1715 219 1758 aliis
250 1727 355 1765 quae
386 1713 579 1756 nondum
611 1713 898 1754 excuderunt
929 1716 966 1754 et
986 1712 1133 1754 minus
1153 1712 1306 1754 habent
1326 1711 1507 1766 triyz'm‘a
1520 1711 1674 1764 pullos.

123 1783 209 1827 Sed
252 1783 443 1825 fortasse
485 1781 671 1835 putandi
712 1782 889 1824 verbum
923 1781 1092 1823 omnino
1125 1794 1210 1823 non
1242 1781 1298 1822 ad
1329 1781 1438 1823 haec
1469 1780 1675 1834 pertinet,

123 1867 217 1896 cum
249 1852 396 1896 verbis
430 1855 574 1908 pallos
612 1887 619 1896 .
657 1887 664 1896 .
705 1854 997 1897 subiciendum
1039 1851 1172 1894 etiam
1213 1851 1439 1894 sententia
1470 1850 1678 1904 primaria

123 1924 236 1967 effici
267 1922 419 1976 possit.
474 1922 598 1977 Quod
630 1923 668 1965 si
699 1922 766 1965 ita
799 1926 879 1971 est,
914 1923 1026 1964 hunc
1057 1922 1196 1964 locum
1220 1934 1350 1974 supra
1384 1922 1438 1974 (p.
1464 1925 1517 1962 49
1547 1922 1676 1973 extr.)

123 1995 334 2039 debebam
366 2006 698 2037 commemorare
729 1993 803 2036 ubi
835 1993 924 2035 dixi
957 1993 1008 2035 de
1040 1993 1117 2035 ΠΙ
1153 1996 1246 2045 16,6
1282 1995 1365 2034 etc.

239 2065 406 2108 Contra
445 2065 672 2107 antecedit
704 2064 935 2108 indicativi
967 2067 1209 2113 structura,
1250 2061 1447 2114 sequitur
1480 2061 1676 2105 coniunc-

120 2216 206 2242 vum
243 2204 414 2241 exhibere
449 2205 581 2249 solent)
616 2204 854 2240 indicativum
888 2203 982 2249 legis
1015 2203 1052 2238 in
1087 2202 1287 2239 enuntiatis
1327 2212 1418 2246 quae
1450 2201 1610 2247 pendent
1636 2211 1680 2237 ex

121 2263 432 2310 propositionibus
458 2263 628 2298 finalibus
656 2264 671 2297 I
696 2265 777 2307 41,3
803 2267 843 2298 ut
867 2263 929 2308 qai
952 2263 989 2298 in
1017 2274 1060 2297 ea
1087 2266 1140 2296 est
1164 2262 1295 2297 nimius
1320 2273 1423 2296 umor
1442 2261 1595 2307 defluat;
1621 2260 1680 2295 III

121 2325 201 2367 16,9
227 2323 344 2359 Axius
372 2326 494 2358 noster
519 2334 576 2366 ne,
605 2322 688 2357 dum
714 2322 804 2357 haec
831 2322 933 2357 audit
950 2321 1118 2368 physica,
1145 2325 1365 2361 721a7·cescat,·
1390 2321 1425 2354 II
1449 2322 1526 2364 4‚3;
1554 2320 1585 2354 V
1611 2319 1679 2354 153

123 2388 209 2427 etc.;
236 2382 300 2417 cfr.
327 2381 347 2416 I
374 2383 438 2425 1‚3.

246 2442 273 2487 1)
300 2441 372 2476 Cur
398 2441 582 2477 omiserim
608 2441 706 2476 locos
732 2441 835 2476 velut
861 2440 955 2475 hunc
981 2439 1033 2474 VI
1059 2439 1103 2474 30
1131 2438 1172 2473 Si
1196 2438 1408 2484 imprudens
1430 2438 1537 2483 fecit,
1563 2436 1679 2472 hostia

122 2501 226 2547 facta
246 2501 395 2546 piatur-3
422 2500 455 2534 .ςί
472 2499 642 2545 prudens
668 2499 772 2542 dixit,
803 2499 832 2542 Q
858 2498 1002 2533 Mucius
1028 2497 1147 2532 aiebat
1172 2508 1250 2531 enm
1277 2497 1427 2542 expiari
1457 2507 1529 2530 non
1552 2506 1673 2541 posse,

85 2600 89 2603 ,
127 2562 294 2604 apparet.
344 2558 582 2603 Respondent
614 2559 710 2593 inter
748 2568 785 2593 se
820 2558 889 2592 duo
922 2557 1112 2592 enuntiata
1145 2555 1406 2590 condicionalia
1432 2558 1470 2590 et
1497 2553 1680 2589 sententia

129 2622 168 2654 et
194 2621 402 2662 structura;
437 2621 475 2652 et
500 2621 587 2652 tunc
614 2617 772 2659 demum,
799 2620 991 2660 postquam
1019 2614 1167 2659 scripsit
1191 2614 1303 2649 verba
1329 2614 1362 2648 si
1382 2612 1548 2659 prudens
1574 2613 1680 2655 dia-it,

129 2677 183 2712 ita
210 2680 431 2711 structuram
457 2679 576 2711 mutat
602 2675 774 2719 scriptor,
807 2680 849 2709 ut
875 2675 920 2709 ad
946 2673 1147 2709 orationem
1175 2672 1357 2716 obliquam
1384 2675 1561 2707 transeat.
1613 2672 1680 2705 Ea-

125 2736 206 2772 dem
232 2734 378 2770 ratione
407 2734 615 2770 defenditur
640 2745 812 2779 praesens
840 2737 982 2778 tempus
1007 2733 1075 2767 hoc
1100 2733 1177 2767 loco
1196 2732 1231 2765 11
1252 2732 1308 2775 2,3
1327 2742 1424 2766 ovem
1444 2741 1522 2766 esse
1540 2733 1681 2776 oportet

128 2804 282 2841 corpore
308 2792 436 2837 amplo
464 2819 498 2827 ..
524 2793 617 2827 rille's
643 2793 750 2828 altis.
771 2821 778 2828 .
799 2820 805 2828 .
844 2792 972 2838 Itaque
998 2802 1090 2837 quae
1115 2791 1153 2825 id
1178 2801 1250 2825 non
1275 2789 1436 2824 habent
1462 2789 1538 2835 [sic.
1557 2788 1679 2831 Polit.‚

124 2853 303 2888 haberent
326 2851 355 2885 B
382 2861 405 2887 v
430 2851 539 2898 male]
566 2852 724 2887 maiores
749 2852 866 2887 nostri
891 2851 1016 2897 apicas
1043 2848 1278 2896 appellabant
1302 2860 1344 2883 ccc
1371 2847 1571 2883 reiciebant.
