1833 3048
790 82 847 88 .-
913 61 962 98 19
1027 85 1082 90 -.

815 174 983 227 Caput
1015 176 1069 220 V.

712 290 784 334 De
817 289 1174 335 numeralibus.

878 422 903 472 g
939 423 1004 461 13.

286 504 431 546 Mille
479 500 571 552 (cfr.
615 500 802 543 Kiihner
843 514 883 554 p.
923 500 1027 556 484)
1072 500 1117 542 in
1158 513 1333 542 numero
1376 500 1588 555 singulari
1626 513 1721 543 cum

167 573 376 627 genetivo
425 572 699 614 coniunctum
754 571 869 623 apud
916 571 1161 615 Varronem
1208 584 1293 612 non
1338 583 1438 613 raro
1485 571 1719 619 invenitur,

168 655 356 695 namque
388 646 566 696 praeter
596 643 736 685 locum
769 654 795 683 a
825 641 968 684 Gellio
1001 642 1228 684 laudatum
1259 642 1302 697 (I
1327 646 1377 682 16
1402 641 1479 683 cfr.
1502 642 1678 695 Drager
1698 642 1723 684 Ι

168 726 209 766 p.
237 713 309 768 89)
344 713 478 755 etiam
500 713 663 767 legitur
694 713 719 755 I
753 716 820 766 57,
856 716 900 765 23
932 712 983 753 II
1016 716 1053 761 3,
1092 716 1142 752 10
1166 712 1252 765 bis3
1285 712 1362 754 III
1387 715 1422 765 1,
1457 717 1501 765 43
1525 713 1645 757 VIII
1669 716 1719 753 71

169 783 405 839 (quaerum
428 819 436 827 .
464 819 470 827 .
497 818 505 828 .
540 799 646 839 quor
675 784 846 827 dicatur
876 783 998 826 Mille
1028 783 1286 837 Demetrium,
1319 798 1410 828 non
1437 784 1557 827 Mille
1577 783 1723 827 Dena-

167 854 364 907 riorum).

291 924 458 967 Contra
481 936 534 967 ex
555 923 715 977 plurali
735 924 884 968 milia
903 934 989 965 non
1010 922 1173 976 pendet
1194 923 1438 977 genetivus,
1473 923 1549 965 sed
1570 936 1724 966 nomen

175 994 320 1037 instar
343 994 630 1048 appositionis
651 994 696 1037 in
719 993 866 1037 eodem
890 1005 993 1036 casu
1015 993 1192 1037 additur
1213 994 1289 1036 III
1313 998 1349 1047 2,
1384 998 1433 1035 17
1446 1009 1455 1047 ;
1487 994 1564 1036 ΠΙ
1590 997 1653 1047 17,
1679 997 1723 1046 3;

168 1066 236 1111 VI
269 1069 321 1106 38
356 1069 467 1108 extr.

883 1149 908 1199 ξ
945 1150 1007 1188 14.

289 1230 507 1272 Numerus
561 1229 799 1272 cardinalis
851 1241 878 1271 a
930 1229 1130 1273 Varrone
1181 1230 1359 1280 praeter
1409 1228 1549 1271 locum
1601 1241 1725 1282 quem

169 1300 345 1354 Drager
379 1300 419 1351 (I
449 1313 488 1353 p.
523 1299 597 1355 91)
629 1300 830 1343 laudavit
863 1300 929 1352 (II
962 1302 1007 1347 4,
1050 1299 1141 1352 22),
1181 1298 1316 1340 etiam
1347 1299 1424 1341 III
1457 1303 1502 1348 9,
1545 1303 1594 1340 10
1629 1299 1722 1352 (cfr.

169 1370 332 1413 Colum.
367 1371 488 1415 VIII
521 1376 565 1422 5,
617 1370 688 1425 10)
735 1370 802 1412 bis
845 1369 911 1411 ita
951 1368 1336 1421 circumscribitur,
1379 1372 1429 1411 ut
1473 1369 1725 1412 adverbium

171 1441 393 1483 numerale
446 1443 492 1482 et
534 1440 843 1484 distributivus
884 1452 1085 1482 numerus
1132 1439 1248 1481 inter
1293 1452 1340 1482 se
1387 1439 1723 1494 coniungantur:

165 1513 415 1568 ιψαῖῐῑῖηοισθίε
459 1545 498 1555 ..
535 1514 671 1567 pullis
713 1514 774 1556 bis
816 1513 916 1555 deni
957 1513 1045 1554 dies
1086 1526 1189 1565 opus
1230 1516 1349 1565 sunt,
1386 1512 1623 1566 pavoninis
1664 1516 1726 1555 ter

169 1584 338 1636 noveni,
373 1585 527 1624 contra
555 1586 578 1634 ξ
606 1586 655 1623 16
681 1582 732 1624 de
756 1582 908 1625 eadem
939 1593 985 1624 re
1008 1583 1151 1625 diebus
1171 1583 1260 1637 fere
1280 1582 1436 1637 viqim‘i
1457 1580 1725 1636 excuclmitff)

173 1652 362 1697 Videtur
392 1652 462 1694 hic
494 1665 596 1695 usus
631 1665 684 1695 ex
706 1665 903 1695 sermone
933 1651 1153 1694 cotidiano
1175 1651 1220 1693 in
1241 1650 1432 1703 litteras,
1466 1650 1725 1704 praesertim

166 1722 215 1765 in
245 1726 475 1776 poetarum
509 1723 795 1766 elocutionem
826 1722 1059 1765 transiisse
1093 1721 1186 1775 (cfr.
1220 1721 1484 1763 nostratium
1518 1721 1726 1774 „dreimal

173 1797 227 1834 24
262 1793 525 1847 Stunden“);
559 1798 692 1847 atque
726 1794 837 1836 satis
870 1793 1143 1846 frequentem
1175 1804 1272 1834 eam
1305 1790 1476 1833 dicendi
1507 1792 1723 1834 rationem

170 1863 308 1907 fuisse
339 1863 384 1906 in
417 1877 612 1907 sermone
644 1863 830 1919 vulgari,
863 1864 963 1906 inde
995 1862 1146 1905 licebit
1179 1862 1436 1904 concludere
1468 1862 1580 1914 quod
1611 1874 1726 1904 nunc

171 1946 224 1976 ea
262 1937 499 1988 usurpatur
541 1933 586 1976 in
626 1934 777 1989 lingua
815 1934 1009 1988 francog.
1051 1934 1106 1976 ad
1144 1931 1467 1986 exprimendum
1504 1944 1726 1975 numerum

172 2004 513 2059 octogenarium.

885 2076 907 2129 ξ
946 2079 1010 2115 15.

287 2157 431 2200 Minus
477 2160 685 2200 accurate
727 2169 1032 2209 nonnunquam
1063 2155 1206 2199 Varro
1249 2155 1391 2198 utitur
1424 2167 1599 2196 numero
1632 2167 1725 2197 car-

172 2227 321 2280 dinali,
356 2227 429 2269 ubi
461 2227 790 2271 distributivum
819 2226 1136 2281 expectaveris,
1169 2227 1291 2270 velut
1322 2226 1348 2268 I
1380 2229 1443 2276 10,
1469 2229 1505 2278 2,
1539 2225 1614 2267 ΙΙΙ
1638 2229 1676 2279 9,
1703 2230 1725 2266 6

171 2298 336 2350 (casareae
361 2333 368 2342 .
390 2333 398 2341 .
419 2333 426 2341 .
452 2304 654 2352 utraeque
685 2301 736 2344 in
768 2300 1076 2356 Zonyitmlinem
1098 2299 1265 2342 circiter
1285 2299 1420 2340 decem
1433 2297 1608 2351 pedum)
1642 2298 1725 2338 etc.

172 2368 442 2423 Quibusdam
463 2368 569 2411 locis
592 2369 663 2412 vel
691 2368 900 2418 variavit,
933 2371 984 2410 ut
1016 2367 1149 2420 solet3
1188 2367 1311 2411 velut
1342 2366 1393 2408 II
1417 2369 1453 2418 3,
1478 2369 1528 2406 10
1563 2371 1629 2418 (ut
1649 2368 1727 2410 alii

170 2441 225 2483 cul
247 2442 378 2484 denas
399 2455 549 2496 capras
570 2442 762 2497 sinqulos
780 2445 935 2496 parent
949 2441 1100 2493 hircos,
1124 2443 1172 2482 ut
1189 2454 1271 2495 090,
1295 2438 1372 2481 cclii
1390 2438 1514 2480 etiam
1532 2438 1586 2480 ad
1602 2438 1726 2492 quin-

169 2511 312 2565 decim,
346 2516 394 2554 ut
425 2512 597 2561 Menas)
637 2513 683 2553 et
714 2510 888 2555 inverso
927 2509 1075 2552 ordine
1114 2509 1191 2550 III
1224 2512 1264 2561 2,
1302 2510 1350 2548 17
1393 2507 1557 2559 (mimis
1593 2509 1728 2551 decem

168 2581 290 2624 milia
324 2604 380 2609 -
404 2582 507 2636 plus
537 2582 716 2635 vicena).

291 2744 322 2790 ¹)
347 2743 422 2779 Cfr.
450 2747 523 2779 sat.
549 2743 593 2779 fr.
622 2746 664 2779 92
692 2743 745 2779 bis
771 2755 851 2779 sex.
901 2742 1008 2788 Apud
1032 2742 1245 2778 Kiihnerum
1270 2752 1303 2786 p.
1328 2742 1397 2776 487
1415 2742 1448 2776 Α
1465 2743 1488 2776 4
1506 2741 1540 2787 a)
1567 2740 1637 2776 duo
1663 2739 1727 2776 alii

172 2801 243 2836 loci
269 2801 491 2836 varroniani
516 2801 722 2844 laudantur,
750 2812 839 2845 quos
865 2812 935 2836 non
962 2804 1061 2835 recte
1087 2800 1212 2836 afferri
1238 2800 1423 2836 sententia
1447 2799 1607 2845 ipsorum
1631 2800 1725 2835 loco-

170 2870 231 2894 um
256 2860 532 2895 demmonstrat.

1469 2927 1511 2962 2*
