1787 3043
187 159 238 197 80
736 165 937 193 PnAnPos.
975 164 1068 192 CAP.
1102 162 1163 191 iv,

188 285 305 334 plaga
322 293 394 331 per
416 293 552 318 auras.
577 293 616 318 v.
637 279 736 318 730:
763 280 936 330 corporis
958 280 1053 316 haec
1070 279 1256 328 quoniam
1271 278 1491 327 penetrant
1505 288 1581 326 per
1602 288 1713 313 rara.

188 363 229 394 v.
255 350 359 388 864:
383 350 511 386 multa
524 360 601 398 per
623 360 664 385 os
686 349 933 386 exhalantur.
964 359 1005 383 v.
1032 345 1112 383 869
1135 350 1255 396 atque
1277 349 1485 397 patentem
1504 355 1581 394 per
1601 356 1716 381 mem-

189 417 257 455 bra
280 432 323 455 ac
346 429 465 454 venas
486 420 532 454 ut
553 414 727 454 amorem
749 418 911 466 opturet
934 415 1089 452 edendi.
1120 426 1161 451 v.
1188 413 1289 451 888:
1316 427 1415 464 quae
1445 435 1484 440 —
1504 424 1582 461 per
1603 424 1718 449 mem-

189 484 259 523 bra
281 489 401 536 atque
431 485 561 528 artus,
587 485 732 522 animai
755 485 895 521 dissita
915 483 973 520 vis
997 486 1067 520 est.
1098 495 1138 519 v.
1165 482 1246 519 894
1266 493 1343 531 per
1356 477 1572 533 patefacta
1595 481 1718 517 venit.

189 566 229 591 V.
254 552 333 591 907
358 553 501 603 quibus
522 573 562 578 —-
584 552 711 589 modis
733 566 892 589 somnus
906 562 982 599 pet·
1003 547 1171 586 membra
1194 551 1370 600 quietem
1393 550 1551 599 inriget.
1574 560 1616 585 V.
1640 546 1720 584 916

189 622 257 658 ubi
291 624 351 658 est
381 621 572 657 distracta
596 631 673 668 per
706 619 819 655 artus
851 620 909 656 vis
944 619 1108 656 animae.
1144 630 1185 654 v.
1211 617 1290 655 940
1322 618 1557 668 perveniant
1585 639 1624 642 —
1645 626 1722 664 per

182 700 314 738 parva
323 684 555 738 foramina.
587 698 628 723 V.
654 685 735 723 942
762 687 807 723 fit
830 687 939 736 quasi
963 687 1157 737 paulatim
1179 687 1293 723 nobis
1308 697 1384 734 per
1406 682 1572 721 membra
1594 685 1720 721 ruina.

190 769 230 793 V.
257 754 337 793 946
380 769 468 806 pars
508 777 547 780 —
589 755 779 791 distracta
808 765 884 802 per
918 754 1045 790 artus.
1090 766 1130 790 v.
1157 752 1265 792 1042
1294 764 1368 801 per
1402 749 1568 790 membra
1603 755 1723 802 atque

191 825 304 860 artus
339 823 508 860 decedit.
552 834 592 858 v.
619 820 748 859 1:215:
793 822 944 859 semina
978 835 1067 859 cum
1101 823 1265 859 Veneris
1293 822 1466 859 stimulis
1495 821 1623 858 excita
1646 830 1724 869 per

192 893 306 928 artus
328 891 444 928 obvia
466 891 641 927 conflixit
664 891 893 940 conspirans
915 893 1078 927 mutuus
1101 891 1228 927 ardor.
1269 886 1323 936 V,
1351 888 1424 926 20:
1452 903 1496 926 ex
1519 902 1596 939 quo
1619 901 1724 925 nunc

193 961 313 998 etiam
339 970 416 1008 per
442 969 607 1006 massus&
635 958 763 995 didita
789 955 924 1006 [sentis
954 958 1086 995 dulcia
1114 959 1363 1008 permulcent
1396 957 1548 994 animos
1581 957 1727 994 solacia

192 1030 311 1065 vitae.
365 1039 404 1063 v.
431 1025 505 1063 41ι
534 1037 611 1075 per
640 1036 798 1061 nemora
826 1038 869 1062 ac
898 1026 1048 1062 montes
1071 1037 1230 1073 mccfflzos
1251 1023 1455 1076 silvasque
1474 1021 1722 1076 profundas.

194 1108 234 1132 v.
261 1094 362 1132 214:
400 1108 489 1131 cum
521 1094 599 1130 iam
623 1103 697 1141 per
727 1094 855 1129 &erras
883 1093 1083 1130 frondent.
1125 1105 1165 1129 v.
1192 1092 1294 1130 268:
1337 1097 1475 1143 supter
1492 1104 1569 1142 per
1599 1093 1727 1128 terras

195 1164 348 1200 diditur
370 1162 508 1199 omnis.
538 1173 579 1197 V.
606 1160 707 1198 342:
742 1162 865 1198 exisse
893 1183 934 1186 —
955 1172 1031 1209 per
1054 1162 1182 1197 terra-8
1204 1175 1350 1199 amnes.
1374 1173 1414 1197 v.
1441 1160 1541 1198 398:
1567 1161 1727 1197 aethere

194 1231 369 1281 raptavit
390 1233 478 1266 toto
501 1230 709 1278 terrasque
729 1240 801 1277 per
823 1226 961 1265 omnis.
995 1240 1035 1265 v.
1061 1227 1143 1265 404
1165 1230 1257 1266 inde
1280 1240 1392 1265 suum
1407 1239 1484 1277 per
1506 1225 1583 1264 {ber
1603 1241 1728 1265 recre-

195 1300 278 1336 avit
301 1301 444 1335 cuncta
467 1297 705 1346 gubernans.
732 1308 768 1332 v.
794 1295 874 1334 457
900 1310 969 1347 per
989 1310 1076 1334 rara
1098 1298 1302 1334 foramina.
1326 1309 1367 1333 V.
1391 1295 1472 1334 461
1491 1292 1729 1344 96))ιῡιῑαηίέ8

195 1380 281 1403 rore
306 1376 378 1414 per
407 1362 561 1401 herhas.
592 1376 632 1400 V.
657 1362 738 1402 475
762 1375 839 1412 per
866 1375 1036 1400 &mamas
1064 1365 1188 1401 labier
1211 1376 1313 1401 oras.
1349 1376 1389 1400 v.
1416 1362 1516 1401 521:
1540 1365 1653 1414 ignes
1682 1363 1735 1389 -“

188 1445 266 1483 per
294 1434 392 1471 caeli
414 1433 583 1469 volvunt
613 1428 805 1467 immania
837 1430 997 1481 templa.
1029 1444 1071 1468 v.
1098 1430 1199 1469 527:
1225 1433 1321 1482 quid
1344 1433 1470 1482 possit
1490 1433 1639 1482 fiatque
1653 1442 1730 1480 per

197 1512 319 1538 omne.
346 1513 387 1537 V.
414 1498 493 1537 530
518 1513 670 1546 causas,
693 1499 869 1536 motibus
891 1503 1086 1537 astrorum
1111 1513 1209 1550 quae
1232 1501 1386 1550 possint
1409 1514 1490 1537 esse
1504 1511 1582 1549 per
1603 1510 1725 1536 omne.

198 1581 238 1606 v.
266 1567 366 1606 580:
399 1581 498 1618 quae
535 1590 574 1594 ——
612 1571 773 1605 tuemur
800 1579 894 1604 aera
916 1579 994 1616 per
1021 1566 1201 1604 maltam.
1235 1580 1274 1604 v.
1301 1567 1382 1605 648
1413 1569 1481 1618 qui
1509 1569 1640 1605 minus
1662 1568 1731 1604 illa

200 1640 349 1687 queant
366 1647 439 1685 per
459 1647 621 1683 maynos
643 1636 814 1673 aetheris
836 1632 941 1672 orbis
962 1658 1001 1662 —
1016 1632 1163 1687 ferri?
1185 1648 1224 1672 v.
1244 1635 1344 1673 656:
1369 1638 1531 1674 Matuta
1549 1647 1621 1685 per
1642 1646 1732 1672 oras

199 1705 370 1742 aetheris
393 1716 573 1741 auroram
602 1699 752 1754 clq'ffert.
786 1715 827 1739 v.
855 1701 933 1740 712
957 1704 1106 1740 labitur
1134 1725 1173 1729 —
1194 1715 1270 1752 per
1298 1701 1440 1741 orbem.
1472 1716 1513 1741 v.
1541 1702 1618 1742 760
1643 1717 1732 1741 cum

200 1774 286 1810 loca
303 1768 519 1821 praeterii&
539 1771 708 1808 flammis
729 1772 875 1808 infesta
888 1782 965 1820 per
988 1783 1125 1808 auras.
1150 1783 1190 1808 v.
1220 1770 1318 1809 770:
1345 1773 1441 1809 dum
1463 1770 1548 1809 loca
1572 1773 1732 1810 lumini-

200 1841 273 1877 bus
300 1840 469 1890 propriis
499 1835 664 1875 isszz'miea
684 1849 762 1886 per
785 1835 896 1875 emit?
923 1851 962 1875 v.
992 1837 1069 1876 772
1100 1840 1287 1889 quoniam
1316 1841 1452 1889 magni
1477 1851 1548 1888 per
1569 1837 1732 1876 caerula

200 1908 340 1945 mundi
369 1920 446 1957 qua
472 1907 556 1944 fieri
584 1907 775 1956 quicquid
803 1910 937 1956 posset
963 1908 1118 1944 ratione
1147 1908 1302 1944 resolvi.
1333 1919 1373 1944 v.
1402 1906 1480 1945 786
1511 1907 1733 1945 arboribus-

202 1989 277 2026 que
301 1976 479 2012 datumst
501 1975 618 2012 variis
641 1974 781 2011 exinde
798 1985 875 2022 per
897 1986 1019 2010 auras
1042 1976 1243 2012 crescendi
1264 1997 1305 2002 -
1326 1978 1538 2013 certamen.
1561 1987 1603 2012 V.
1629 1973 1730 2012 842:

202 2045 415 2093 vinctaque
438 2043 706 2080 membrorum
727 2052 805 2091 per
836 2042 959 2078 totvm„
990 2054 1131 2091 corpus
1153 2043 1337 2080 adhaesu.
1362 2055 1402 2080 v.
1428 2042 1507 2081 851
1522 2054 1600 2092 per
1622 2043 1736 2079 artus

209 2132 249 2137 —
270 2123 440 2147 manare.
465 2122 503 2146 v.
531 2108 611 2147 898
634 2123 762 2159 neque
784 2113 878 2147 sunt
900 2110 1037 2146 eadem
1058 2110 1232 2148 iucunda
1245 2121 1323 2159 per
1344 2112 1471 2148 ardus.
1497 2123 1537 2148 v.
1563 2109 1643 2148 911
1661 2120 1736 2158 per

205 2179 334 2214 terras
360 2179 525 2215 fiumina
553 2199 592 2203 —
620 2178 789 2215 fluxisse.
821 2189 862 2214 v.
888 2176 969 2214 928
997 2179 1138 2216 validis
1167 2182 1306 2228 aptum
1319 2190 1398 2227 per
1420 2176 1569 2216 viscera
1592 2178 1735 2216 nervis.

204 2257 244 2282 V.
271 2244 372 2283 931:
403 2246 611 2295 multaque
632 2256 709 2293 per
738 2242 889 2281 caelum
912 2246 1005 2282 solis
1027 2247 1230 2283 volventia
1252 2247 1388 2284 lustra.
1417 2259 1459 2284 V.
1485 2244 1566 2284 972
1588 2259 1660 2284 nec
1689 2267 1729 2272 ——

205 2314 311 2350 diem
349 2334 390 2338 —-
424 2324 499 2361 per
541 2323 655 2361 [tyros
697 2313 941 2363 quaerebant
980 2335 1021 2338 -—
1061 2314 1253 2363 palantes.
1289 2326 1330 2351 v.
1364 2313 1475 2352 1104
1507 2328 1577 2365 per
1609 2327 1735 2364 agros.

205 2392 245 2417 v.
262 2378 380 2417 -1130
404 2381 615 2427 (ιηῃηδύῑιῃι
627 2391 705 2429 pei·
726 2379 803 2417 iter
825 2382 1023 2418 luctantes
1044 2382 1286 2420 ambitionis.
1310 2395 1350 2419 v.
1370 2381 1476 2420 1161
1501 2396 1601 2432 quae
1623 2395 1739 2419 eausa

207 2448 325 2484 deum
344 2458 421 2495 per
449 2459 611 2496 »mystas
639 2450 802 2486 numina
825 2446 961 2498 flentis
988 2450 1246 2499 pervulgarit.
1282 2462 1323 2487 v.
1352 2449 1460 2488 1189
1483 2461 1558 2498 per
1585 2446 1738 2486 eaelum

206 2516 325 2552 volvi.
354 2526 394 2551 V.
421 2513 529 2551 1226
552 2526 627 2563 per
648 2527 756 2552 mare
783 2539 824 2542 —
852 2517 986 2554 verrit.
1017 2528 1058 2553 v.
1085 2515 1193 2554 1366
1225 2519 1410 2556 defodere
1432 2519 1474 2555 in
1495 2522 1641 2556 terram
1663 2517 1739 2554 vir—

208 2583 322 2631 gulta
340 2593 417 2630 per
440 2593 567 2630 mysos.
601 2594 641 2618 v.
669 2581 797 2620 1375:
828 2588 875 2622 ut
902 2606 944 2611 —-
972 2585 1147 2622 olearum
1177 2587 1332 2623 caerula
1362 2587 1613 2636 distinguens
1634 2586 1740 2623 inter

210 2651 327 2699 plaga
360 2662 513 2686 currere
543 2653 675 2699 posset
703 2661 776 2698 per
810 2649 982 2688 tumulos
1009 2656 1049 2689 et
1078 2650 1274 2689 eom-allis
1302 2665 1536 2704 camposque
1567 2654 1737 2704 profusa.

209 2728 250 2752 v.
277 2715 385 2753 1382
416 2727 513 2752 cara
532 2728 611 2765 per
639 2718 890 2756 calamorum.
928 2732 968 2756 v.
1000 2719 1104 2757 1386
1135 2718 1229 2756 avia
1253 2732 1326 2769 per
1355 2733 1514 2758 nemora
1542 2734 1586 2759 ac
1614 2718 1740 2757 silvas

211 2780 430 2833 saltusque.
460 2797 500 2820 v.
528 2783 633 2822 1387
655 2797 731 2833 per
759 2784 845 2823 loca
869 2791 1072 2836 pastorum
1096 2785 1252 2824 deserta
1277 2792 1398 2838 atque
1421 2788 1503 2826 otia
1527 2787 1611 2827 dia.
1656 2785 1738 2836 VI,
