1833 3048
797 68 1084 104 „41—

160 180 243 221 huc
279 179 523 233 pertinent:
564 181 683 224 VIII
727 184 777 219 *ll
820 182 969 225 Diome
1007 188 1044 226 ct
1089 183 1260 227 Theona
1301 199 1403 238 quos
1440 185 1589 226 dieunt
1632 198 1716 226 esse

154 266 292 306 paene
324 253 407 302 ipsi
435 252 638 307 qeminOS,
672 253 961 295 iuzenz'mztm·
983 268 1067 296 esse
1088 254 1336 307 dissimile&
1368 252 1559 294 fortasse
1581 251 1715 294 etiam

164 320 207 364 V
240 324 307 373 43,
342 320 415 363 ubi
446 320 491 362 in
520 321 610 362 cod.
636 320 744 362 haec
766 321 986 375 leguntur:
1012 338 1058 366 ea
1086 336 1169 374 qua
1196 328 1285 366 tum
1305 325 1464 366 dicitnr
1484 324 1717 376 velabrum·

160 402 271 442 quae
312 390 405 433 sive
443 403 537 432 cum
568 391 751 433 Mullero
791 391 854 433 sic
892 392 1215 435 restituerimus
1254 409 1302 437 ea
1339 409 1423 448 qua
1459 399 1549 437 tum
1575 395 1715 437 <velze-

163 463 298 515 batur,
338 464 463 505 etiam
494 472 640 505 nuno>
668 463 827 505 dicitur
859 464 1086 513 velabrum,
1126 462 1219 505 sive
1251 463 1590 516 suppleverimus
1622 475 1716 505 cum

163 531 395 585 Spengelio
418 547 466 576 ea
486 545 570 584 qua
598 542 719 575 Qec>
741 537 843 587 tum,
877 534 956 576 dic,
989 535 1063 577 vel.
1098 534 1214 586 (nam
1247 545 1342 576 cum
1370 537 1552 585 uterque
1584 534 1718 576 verba

163 602 220 644 ad
265 602 532 644 sententiam
564 606 685 644 recte
718 601 1069 655 conformaverit,
1102 616 1254 656 parum
1288 603 1414 645 credo
1446 603 1583 645 refert
1615 607 1717 645 utra

160 672 292 714 lectio
330 672 611 725 recipiatur),
654 684 737 715 vox
770 688 823 717 ea
854 686 931 726 per
963 674 1277 716 attractionem
1307 674 1392 716 erit
1414 673 1714 727 intelligenda.

167 743 282 785 Item
314 743 365 784 II
399 747 465 795 2,9
508 749 655 787 comm
687 745 784 787 illae
816 746 866 788 in
897 746 1072 788 saltibus
1103 760 1209 800 quae
1233 750 1477 799 pascuntur
1499 750 1535 788 et
1556 760 1582 788 α
1603 747 1719 788 tectis

166 815 321 858 absum}
352 815 483 870 Zonye,
512 819 690 868 portant
720 830 859 858 seeum
891 820 1046 869 orates;
1078 814 1154 856 cfr.
1188 815 1308 856 Keil.
1343 827 1490 856 comm.
1525 814 1582 856 ad
1614 815 1655 856 h.
1689 815 1716 856 l.

160 886 205 925 et
247 883 303 925 ad
341 884 366 925 I
410 888 522 937 44‚4.
578 884 664 937 (An
710 885 874 927 rectius
922 886 1002 926 hoc
1048 885 1142 928 loco
1196 885 1372 938 propria
1431 885 1716 927 anacoluthia

157 953 401 996 statuitur?
442 954 508 996 ita
549 955 718 997 scilicet
756 959 806 997 ut
838 956 980 1000 Varro
1019 959 1118 1008 post
1157 956 1430 998 enuntiatum
1483 955 1718 999 relativum

162 1024 218 1066 ad
251 1028 519 1066 structuram
550 1025 680 1078 plane
713 1025 845 1067 aliam
878 1026 1139 1080 transierit.)

280 1094 486 1137 Addendi
518 1099 618 1138 sunt
651 1095 735 1138 loci
768 1095 940 1147 quidam
974 1096 1046 1148 qui
1079 1096 1280 1150 coniungi
1312 1097 1496 1149 possunt
1518 1108 1613 1138 cum
1637 1096 1713 1146 eis,

163 1178 268 1218 quos
292 1166 477 1208 Kiihner
509 1166 665 1208 attulit
698 1179 750 1208 ex
774 1166 957 1209 Catonis
986 1167 1109 1209 libro.
1158 1167 1268 1209 Dico
1291 1166 1551 1220 praesertim
1575 1167 1627 1209 de
1649 1167 1717 1209 his

159 1236 267 1278 locis
310 1237 387 1278 III
431 1236 557 1284 1634
595 1239 686 1293 fari
723 1240 797 1290 qui
836 1240 1098 1292 eximzmtm,
1138 1240 1175 1282 si
1213 1252 1297 1290 qua
1321 1253 1428 1293 pars
1458 1239 1570 1282 m'ln'l
1600 1239 1719 1282 habet

162 1312 238 1350 αῑιΐ
269 1308 388 1351 habet
419 1308 688 1362 immmtum,
723 1309 885 1351 cultello
914 1311 1184 1362 praesiccam·
1216 1312 1261 1350 et
1292 1309 1317 1350 I
1340 1312 1437 1358 31‚2
1463 1310 1720 1364 pampinare

160 1384 217 1421 est
250 1394 269 1421 e
301 1383 512 1422 sarmento
546 1380 649 1422 coles
682 1381 755 1432 qui
785 1381 881 1423 nati
912 1384 1026 1433 sunt,
1060 1380 1108 1422 de
1131 1381 1190 1422 ez's
1212 1381 1285 1434 qui
1300 1381 1541 1431 plurimum
1562 1381 1716 1433 valent,

154 1450 349 1503 primum
396 1464 445 1492 cce
490 1451 807 1493 seezmdmn...
841 1451 1102 1505 relinquere,
1150 1451 1334 1501 reliquos
1379 1452 1593 1505 decerpere
1633 1452 1717 1491 etc.

158 1519 254 1561 Iam
304 1531 397 1561 cum
430 1520 674 1564 Varronem
715 1518 970 1572 saepissime
1015 1519 1340 1562 coniunctiones
1383 1522 1429 1562 et
1466 1518 1718 1572 pronomina

165 1589 355 1633 relativa
394 1591 449 1632 ab
488 1589 614 1632 initio
655 1589 962 1643 propositionis
994 1602 1216 1633 removere
1247 1590 1363 1632 infra
1396 1591 1436 1643 (ξ
1472 1590 1542 1642 61)
1574 1592 1719 1631 osten-

166 1660 353 1702 dendum
387 1659 459 1709 sit,
499 1660 632 1702 etiam
665 1660 732 1702 his
764 1660 871 1702 locis
902 1660 1118 1703 vocabula
1149 1661 1252 1716 favi,
1292 1662 1408 1715 coles,
1442 1672 1536 1702 cum
1568 1672 1719 1713 prono-

166 1730 281 1772 mine
302 1730 492 1774 relativo
516 1730 718 1784 coniungi
740 1743 867 1783 posse
890 1730 1007 1773 dices
1030 1734 1102 1781 <Ξ
1126 1732 1201 1786 qui
1221 1733 1312 1786 favi
1334 1732 1584 1775 eximuntur
1606 1733 1718 1783 etc).

165 1800 372 1854 Apparet
404 1801 573 1843 omnino
605 1813 689 1843 non
723 1801 856 1843 aliter
886 1800 1070 1843 iudicari
1101 1812 1228 1853 posse
1261 1800 1313 1842 de
1346 1800 1408 1842 eis
1437 1800 1543 1843 locis
1566 1801 1719 1853 quibus

165 1883 251 1913 non
299 1871 434 1914 solum
483 1871 807 1914 substantivum
844 1871 968 1926 illud,
1018 1871 1074 1913 ad
1115 1871 1227 1923 quod
1258 1873 1434 1924 spectat
1471 1871 1717 1922 relativum,

163 1942 240 1984 sed.
283 1942 419 1985 etiam
460 1941 575 1984 aliae
614 1955 744 1986 voces
776 1942 1016 1996 pronomini
1046 1942 1236 1985 relativo
1269 1941 1556 1990 antecedunt,
1595 1942 1719 1986 velut

163 2014 343 2065 praeter
374 2012 399 2055 Ι
432 2016 528 2064 31,2
563 2025 598 2055 e.
633 2026 672 2067 g.
704 2013 729 2055 Ι
762 2017 859 2066 27,2
892 2029 985 2057 vere
1015 2015 1200 2057 sationes
1231 2028 1336 2068 quae
1360 2014 1506 2068 fizmtj
1537 2012 1632 2056 VII
1664 2016 1719 2053 44

161 2088 317 2127 matres
372 2085 565 2139 familias
611 2086 752 2128 crines
797 2086 1037 2128 convolutos
1084 2086 1138 2127 ad
1183 2085 1377 2127 verticem
1422 2085 1574 2135 capitis
1619 2098 1721 2138 quos

161 2155 312 2197 habent
354 2155 459 2198 vitta
508 2156 680 2209 velatos,
730 2157 978 2199 dicebantur
1022 2155 1182 2198 Tutuli.
1251 2152 1403 2194 Priore
1441 2156 1588 2194 autem
1626 2152 1720 2194 loco

165 2223 297 2276 plane
329 2223 551 2265 reicienda
585 2227 654 2265 est
676 2224 785 2266 haec
808 2225 1054 2277 explicandi
1076 2224 1205 2274 ratio,
1239 2223 1324 2266 nisi
1346 2222 1458 2265 forte
1482 2223 1720 2265 contendas

166 2293 300 2336 aliam
333 2306 429 2336 esse
462 2293 673 2348 originem
706 2299 956 2337 structurae
989 2295 1111 2338 velut
1143 2294 1288 2336 huius:

281 2365 518 2408 Nummum
548 2367 671 2409 illum
703 2382 824 2421 quem
853 2367 961 2409 milei
991 2367 1152 2409 dudum
1177 2366 1408 2420 pollicitu's
1439 2366 1553 2416 dare,

287 2435 452 2490 Iubeas,
486 2438 524 2480 si
553 2439 709 2492 sapias,
735 2437 963 2492 porculum
993 2438 1158 2492 adsew‘t'
1188 2437 1263 2479 tibi
1291 2434 1375 2489 (Pl.
1404 2434 1518 2477 Men.
1543 2437 1623 2473 311
1659 2434 1721 2486 S),

165 2504 297 2546 aliam
345 2505 436 2547 eius
489 2519 600 2558 quae
649 2507 823 2550 eveniet
871 2506 1027 2548 omisso
1065 2505 1313 2558 pronomine
1362 2503 1720 2556 demonstrativo,

165 2591 393 2620 nummum
425 2593 546 2632 quem
578 2579 660 2619 etc.

286 2645 374 2688 Sed
411 2659 551 2690 nonne
593 2645 833 2700 poterimus
865 2644 1074 2687 facillime
1105 2645 1226 2687 illam
1259 2647 1529 2687 structuram
1561 2643 1605 2686 in
1638 2656 1723 2697 qua

166 2728 399 2769 pronomen
443 2717 836 2760 demonstrativum
869 2715 1065 2758 additum
1098 2718 1167 2758 est
1200 2715 1402 2759 derivare
1434 2727 1487 2757 ex
1518 2715 1601 2757 hac
1631 2718 1724 2771 favi

164 2788 239 2842 qui
260 2789 512 2832 eaeimzmtur
529 2808 583 2821 =
607 2790 682 2843 qui
707 2789 799 2844 favi
828 2784 1108 2831 eximuntur?
1157 2785 1273 2829 Sane
1289 2785 1333 2828 in
1359 2785 1537 2839 linguae
1554 2785 1723 2827 latinae

165 2859 391 2898 structura
447 2856 556 2899 nihil
603 2860 673 2900 est
721 2857 832 2908 quod
879 2855 977 2898 huic
1025 2855 1307 2909 explicationi
1355 2856 1524 2908 obstet;
1573 2856 1724 2898 obstat
