1833 3048
832 44 1119 81 -21—

183 156 290 199 Keil
330 157 375 199 in
408 156 474 199 ed.
515 155 614 200 min.
657 155 834 208 scripsit
872 157 1062 199 ordinem
1100 158 1326 201 verborum
1365 157 1618 200 mutandum
1650 170 1745 200 esse

187 239 368 269 censens
407 241 512 279 quae
545 260 553 270 .
578 261 585 269 .
607 257 645 270 ·.
681 233 905 282 apparent,
939 231 1013 271 snb
1045 242 1128 280 qua
1161 230 1291 272 latent
1321 230 1464 283 herba,
1495 244 1543 272 ea
1574 234 1747 273 voccu‘ur

188 300 358 354 vagina.
414 296 499 340 Sed
530 296 645 338 haud
678 296 767 338 scio
801 309 857 338 an
889 297 1053 339 rectius
1087 298 1188 340 ordo
1222 298 1292 350 qui
1321 298 1513 341 traditus
1548 301 1615 340 est
1638 298 1744 340 reti.

188 371 363 416 neatur3
400 379 499 409 nam
533 366 742 409 eiusmodi
775 366 1005 409 collocatio
1038 367 1079 408 in
1114 367 1362 420 pronomine
1393 367 1581 409 relativo
1609 368 1744 410 multo

188 437 329 479 minus
373 436 620 479 offensionis
662 437 846 490 praebet
890 450 1016 489 quam
1061 437 1098 479 si
1141 437 1217 479 alii
1249 438 1459 480 vocabulo
1498 439 1745 491 postposita

191 511 324 549 esset.
388 508 632 549 Praeterea
670 519 772 550 vero
811 507 891 548 hoc
930 507 1024 550 loco
1058 520 1106 550 eo
1139 508 1312 550 facilius
1350 508 1453 550 ferri
1483 511 1632 562 potest
1663 523 1746 561 qua

188 580 276 631 sub,
312 577 424 629 quod
456 577 592 630 ipsum
626 590 779 620 nomen
823 581 947 623 herba
985 578 1050 620 ita
1089 578 1285 630 sequitur
1321 581 1370 620 ut
1402 591 1530 621 unum
1568 581 1745 623 verbum

186 647 355 690 finitum
388 647 649 690 intercedat.

306 717 517 761 Similiter
555 718 689 761 verba
723 719 939 760 collocata
978 721 1080 761 sunt
1112 719 1153 763 V
1190 723 1269 759 154
1314 719 1462 763 Circus
1493 720 1746 765 Flaminius

189 789 347 832 dicitur
378 790 451 841 qui
482 790 641 832 circum
663 790 912 843 aedificatus
935 794 993 832 est
1014 789 1289 833 Flamim'mn
1312 805 1526 845 campum:
1557 789 1745 832 sufficiet

188 869 271 900 uno
303 858 435 901 verbo
467 858 836 912 praepositionum
875 858 1084 913 originem
1124 859 1419 902 adverbialem
1458 859 1742 913 significasse.

304 928 373 971 De
411 928 733 982 praepositione
774 929 1023 982 postposita
1060 929 1131 972 vel
1172 929 1318 982 potius
1355 929 1618 983 interposita
1657 932 1746 975 loca„

188 1004 363 1053 propter
395 1004 432 1042 et
457 1001 665 1054 pabulum
697 999 765 1053 (Π
801 1003 866 1051 11,
901 999 944 1053 4)
978 998 1052 1041 cfr.
1085 999 1224 1041 Keilii
1258 1012 1406 1042 comm.
1441 1000 1495 1041 ad
1527 1000 1567 1041 h.
1591 1001 1616 1042 l.
1663 1000 1744 1042 Mi-

187 1068 300 1110 nime
344 1081 446 1111 vero
488 1069 756 1122 probandum
800 1069 912 1122 quod
956 1069 1005 1112 O.
1041 1070 1199 1112 Miiller
1236 1071 1305 1115 VI
1340 1074 1390 1111 78
1425 1069 1602 1123 scripsit
1639 1072 1745 1115 alios

187 1141 303 1193 apud
333 1151 409 1191 pro
442 1141 546 1184 alios
579 1142 678 1192 aletes,
713 1139 790 1182 cfr.
824 1140 980 1182 Reiter
1010 1153 1050 1193 p.
1087 1144 1139 1181 23
1173 1154 1212 1183 n.
1252 1145 1285 1182 1.

306 1209 461 1251 Obiter
502 1222 782 1254 commemoro
825 1210 1164 1263 frequentiorem
1207 1210 1320 1264 apud
1362 1211 1604 1255 Varronem
1647 1223 1744 1254 esse

186 1280 300 1321 hanc
341 1280 676 1334 praepositionis
719 1281 1049 1323 collocationem
1091 1283 1180 1326 alia
1211 1283 1259 1326 de
1291 1297 1420 1327 eausa
1462 1294 1590 1334 quam
1630 1282 1744 1324 hanc

186 1353 236 1394 de
267 1353 355 1395 alia
388 1368 517 1396 cansa
550 1355 634 1394 etc.
668 1355 717 1394 ut
750 1351 1069 1395 demonstravit
1096 1352 1291 1396 Rossner
1321 1351 1390 1395 ‘de
1420 1365 1568 1406 praep.
1602 1353 1657 1394 ab
1691 1352 1743 1395 de

186 1433 240 1463 ex
271 1433 350 1464 usu
383 1420 524 1466 Varr.'
561 1435 601 1474 p.
638 1426 704 1463 34.

303 1493 468 1535 Restat
505 1497 554 1535 ut
596 1492 933 1546 praepositionis
973 1509 1080 1538 omn
1118 1506 1213 1535 cum
1260 1493 1510 1547 pronomine
1553 1493 1742 1538 relativo

186 1562 444 1605 coniunctae
477 1564 675 1616 exempla
707 1563 987 1616 proferantur

288 1634 350 1688 ¹X
384 1637 434 1674 21
471 1651 565 1678 omn
597 1650 676 1688 qao
709 1637 904 1691 conferas

383 1708 434 1745 :29
470 1721 564 1748 eum
595 1707 745 1758 quibas
777 1708 1061 1761 conferantur

379 1779 428 1815 77
465 1791 559 1819 omn
589 1790 669 1827 quo
702 1778 932 1832 confertur.

301 1843 433 1896 Apud
480 1845 646 1898 priscos
685 1846 872 1888 Latinos
921 1845 1172 1888 sollemnem
1220 1845 1551 1888 collocationem
1605 1845 1742 1889 fuisse

184 1917 501 1970 quibuscum,
550 1916 773 1959 Ciceronis
817 1919 969 1959 aetate
1012 1916 1199 1958 alteram
1247 1916 1388 1970 magis
1431 1916 1657 1971 magisque
1698 1916 1741 1959 in

183 1997 307 2028 usum
346 1986 518 2028 venisse
558 1987 666 2029 adeo
699 1990 748 2029 ut
788 1987 1052 2040 posteriores
1085 1999 1137 2028 ea
1169 1986 1260 2029 fere
1293 1987 1387 2029 sola
1419 1987 1486 2029 usi
1518 1987 1627 2038 sint,
1671 1987 1741 2029 de-

184 2059 403 2098 monstrat
437 2055 577 2099 Greef
610 2057 654 2099 in
695 2056 1134 2100 commentationibus
1173 2056 1289 2099 notis
1329 2056 1457 2109 (Phil.
1492 2061 1544 2097 32
1579 2060 1624 2099 et
1657 2056 1742 2112 35).

898 2188 922 2240 g
958 2190 1024 2229 18.

301 2267 576 2322 Praepositio
600 2269 656 2312 ad
679 2269 761 2312 duo
790 2269 973 2323 plurave
1002 2268 1285 2312 substantiva
1314 2268 1483 2322 pariter
1511 2268 1743 2313 referenda

186 2349 280 2379 cum
314 2350 340 2379 a
370 2339 569 2391 probatis
602 2339 887 2394 scriptoribus
919 2339 1148 2391 unicuique
1181 2351 1326 2381 eorum
1354 2339 1562 2392 praeponi
1584 2340 1740 2394 soleat,

181 2408 266 2450 nisi
310 2411 433 2451 arcte
474 2409 591 2452 inter
635 2422 682 2453 se
720 2410 952 2453 coniuncta
985 2412 1104 2458 sunt,
1149 2410 1291 2455 Varro
1331 2409 1464 2452 etiam
1506 2413 1612 2453 tunc
1646 2422 1742 2453 eam

183 2478 351 2520 omittit
382 2492 706 2533 nonnunquam,
748 2493 843 2523 cum
876 2492 1009 2533 aegre
1042 2479 1336 2533 desideratur,
1380 2479 1591 2533 siquidem
1634 2480 1742 2523 dura

183 2551 252 2591 est
283 2549 480 2593 brevitas
519 2554 564 2593 et
603 2551 743 2594 minus
780 2550 993 2604 perpolito
1035 2549 1252 2593 scribendi
1291 2549 1443 2604 generi
1480 2550 1740 2595 conveniens

177 2618 288 2660 locis
331 2619 453 2662 velut
494 2620 562 2663 his
604 2622 680 2663 ΠΙ
713 2627 758 2675 9,
794 2625 817 2661 9
861 2635 966 2673 quac
1007 2623 1151 2666 debent
1188 2622 1334 2676 potius
1374 2622 1426 2666 in
1467 2623 1741 2677 concipiendo

182 2695 406 2744 occupatae
427 2706 513 2735 esse
533 2705 659 2744 quam
682 2694 922 2736 incubando
954 2716 1008 2721 -—
1043 2695 1192 2733 tamen
1214 2692 1295 2733 hoc
1316 2691 1409 2733 loco
1432 2691 1592 2734 omissa
1613 2704 1737 2745 prae-

181 2759 400 2812 positione
431 2760 557 2803 simul
590 2761 855 2815 cacophonia
887 2761 1060 2803 evitata
1092 2765 1161 2803 est
1196 2777 1268 2814 —;
1307 2761 1332 2803 Ι
1367 2765 1410 2815 7,
1447 2765 1467 2802 ‘7
1502 2767 1605 2806 sunt
1635 2775 1740 2813 quae

183 2845 271 2873 non
299 2837 482 2884 possunt
517 2833 649 2876 ›seiz-ere
680 2834 771 2876 nisi
805 2833 851 2875 in
884 2832 967 2874 loco
999 2845 1153 2883 aquoso
1185 2834 1407 2877 autetiam
1427 2845 1561 2887 aquas
1592 2832 1661 2877 VI
1683 2835 1736 2873 90
