1787 3043
573 145 932 174 PRAEPOSITIONES
966 144 1053 172 cmvi
1086 143 1180 171 Aen.
1589 129 1640 169 65

113 262 312 307 videlicet,
344 272 364 297 c
384 258 591 309 pausillis
618 264 737 310 atque
767 257 933 296 minutis
962 256 1112 295 ossibus
1139 258 1203 295 hic
1232 280 1272 284 —
1299 254 1414 305 qiym'
1444 278 1483 282 —
1512 259 1641 306 putat.

113 325 175 375 II,
202 326 300 365 759:
338 339 358 364 e
379 325 519 379 quibus
541 342 656 365 omne
678 341 802 377 genus
819 325 1008 375 ssiqnunt.
1052 338 1092 362 v.
1119 324 1219 363 870:
1246 339 1291 362 ex
1312 324 1567 362 insensilibus
1596 344 1636 349 ——

113 396 237 444 gigni.
262 407 300 431 v.
319 395 421 433 888:
447 406 492 431 er
505 392 764 432 insensilibus
779 408 826 432 ne
842 395 975 431 credas
990 394 1132 431 sensile
1148 389 1296 440 94qu
1318 403 1357 429 v.
1377 391 1478 429 892:
1503 405 1582 429 non
1599 401 1645 426 cai·

114 459 291 498 omnibns
312 484 350 487 —
367 459 497 510 qimai.
524 474 562 499 v.
581 460 682 499 930:
708 463 805 499 scire
821 463 915 499 licet
931 458 1047 509 yifflii
1070 474 1182 511 posse
1197 471 1243 496 ca·
1264 471 1342 495 non,
1364 456 1536 496 sensibu’
1559 471 1645 496 sen-

113 543 190 565 sus.
231 525 310 575 VI,
342 528 421 566 246
445 542 533 579 sq.:
571 530 738 566 fulmina
764 526 926 578 gsiynic‘r
959 540 978 565 e
1012 524 1158 564 crassis
1190 528 1349 577 alteque
1384 527 1646 577 putandumst

116 592 282 631 nubibus
316 593 523 632 astricolis.
580 593 615 642 I,
654 595 754 633 159:
792 607 838 631 ca:
872 592 1043 632 omnibu’
1078 592 1192 631 rebus
1227 608 1342 632 omne
1375 607 1500 643 genus
1534 589 1647 629 nasci

115 666 259 713 posset.
302 660 389 710 III,
417 662 515 700 710:
552 667 646 701 nata
680 675 726 699 en·
760 661 835 700 illa
871 677 970 713 quae
999 667 1086 700 tuni
1116 664 1236 713 periit
1265 663 1413 712 partita
1434 674 1504 711 per
1524 663 1645 697 artus.

114 727 151 777 I,
178 730 279 768 204:
315 743 333 767 e
363 743 439 782 qna
471 736 629 769 constat
657 731 751 781 quid
781 732 905 781 possit
936 727 1050 767 oriri.
1094 727 1157 776 II,
1183 728 1283 767 383:
1310 725 1455 779 (ignis)
1479 742 1498 765 e
1520 727 1647 764 taedis

115 798 369 835 terrestribus
400 802 521 836 ortus.
564 811 604 836 V.
631 797 732 836 387:
765 799 869 848 ignis
891 802 1027 835 noster
1048 798 1111 835 hic
1135 808 1154 833 c
1176 794 1299 845 liquis
1321 798 1431 832 ortus
1452 796 1647 844 taedaque

116 871 282 903 creatus.
324 877 364 902 v.
391 865 494 903 932:
527 867 641 913 Quod
663 867 695 903 si
718 868 819 904 sorte
842 867 985 916 aliquis
1008 866 1126 912 dicet,
1151 866 1245 902 dum
1267 867 1390 910 taxat,
1414 860 1514 899 oriri
1536 875 1649 912 posse

117 944 163 968 ea:
184 944 261 969 non
283 944 399 969 sensu
421 947 557 971 sensus
579 935 852 971 mutabilitate
875 934 982 970 cett.
1018 929 1106 979 ΙΙΙ,
1132 931 1233 970 970:
1259 932 1340 969 alid
1363 942 1408 967 cx
1431 927 1514 966 olio
1536 943 1650 966 num-

116 1013 234 1049 quam
263 1001 429 1037 desistet
458 997 571 1037 oriri.
615 997 652 1047 I,
679 999 782 1037 235:
817 1011 836 1036 e
857 996 999 1051 quibus
1022 1001 1116 1037 haec
1138 1013 1270 1036 rerum
1293 994 1476 1034 consistit
1497 1009 1651 1034 summa

116 1069 273 1104 refecta.
298 1080 340 1105 v.
358 1066 458 1104 636:
485 1080 531 1104 ω·
545 1065 631 1117 iyni
645 1081 837 1105 summam
854 1064 1068 1104 consistere
1082 1064 1179 1103 solo.
1206 1078 1245 1103 v.
1264 1064 1362 1103 706:
1389 1076 1434 1101 ea:
1448 1061 1534 1112 iqni
1548 1077 1651 1100 sum-

116 1148 219 1172 mam
235 1132 448 1172 consistere
470 1150 594 1186 posse.
619 1134 774 1172 v.839:
801 1147 847 1171 cm
860 1137 1024 1185 aurique
1047 1137 1164 1185 putat
1177 1130 1290 1170 micis
1304 1129 1518 1169 consistere
1540 1144 1651 1181 posse

117 1216 268 1240 aurum.
304 1215 345 1239 v.
370 1202 473 1240 872:
500 1216 546 1240 en·
567 1200 808 1252 calicreiyeizis
830 1200 1051 1239 consistant
1075 1203 1184 1251 ligna
1207 1202 1416 1238 necessest.
1459 1196 1521 1245 Π,
1547 1197 1649 1235 584:

117 1271 224 1320 quod
240 1282 385 1317 ywere
407 1282 453 1307 ew
474 1283 552 1307 nno
575 1268 768 1307 commi
792 1271 1090 1321 principiorum.
1134 1266 1188 1315 V,
1215 1266 1316 1305 237:
1351 1278 1370 1303 c
1393 1263 1534 1317 quihus
1556 1267 1653 1302 haec

117 1351 248 1374 rerum
281 1334 494 1374 consistere
527 1352 679 1375 summa
713 1338 883 1375 videtur.
934 1334 968 1383 I,
1002 1335 1103 1374 616:
1141 1349 1306 1385 corpora
1339 1330 1575 1370 constabunt
1609 1343 1655 1368 em

113 1401 301 1452 parlib‘ns
321 1401 517 1456 {injinibisu
562 1417 602 1441 v.
629 1403 731 1441 622:
769 1416 814 1440 ea·
844 1400 1019 1455 infinitis
1047 1399 1284 1439 constabunt
1310 1398 1496 1449 partibus
1517 1414 1652 1449 aeque.

118 1482 158 1507 v.
180 1469 279 1508 796:
305 1475 484 1509 constare
506 1495 542 1499 er·
567 1487 610 1509 ex
633 1473 732 1509 aliis.
758 1483 797 1508 v.
816 1470 895 1508 865
920 1482 1006 1520 sq.:
1033 1466 1334 1517 ewalicniqcnis
1348 1465 1463 1504 rebus
1477 1468 1658 1503 constare

118 1541 296 1587 putetur,
319 1535 469 1574 ossibus
492 1542 532 1575 et
554 1535 685 1574 nervis
706 1535 899 1587 sanieque
923 1540 962 1574 et
984 1533 1181 1585 sanyuine
1203 1536 1372 1572 mixtim.
1417 1546 1456 1571 v.
1475 1533 1555 1571 868
1572 1545 1654 1582 sq.:

116 1609 263 1643 terram
306 1607 486 1642 constare
528 1609 725 1643 necessest
765 1617 811 1641 en:
850 1601 1107 1653 alieniqcnis.
1164 1600 1226 1650 II,
1264 1602 1368 1640 159:
1405 1603 1489 1652 ipsa
1520 1598 1604 1637 suis
1639 1611 1658 1635 e

110 1669 300 1721 partibus
321 1686 411 1710 una.
447 1685 487 1709 v.
513 1671 617 1709 385:
643 1686 662 1709 e
685 1673 814 1722 parvis
838 1675 1019 1709 constare
1040 1671 1189 1720 figuris.
1231 1682 1272 1706 V.
1291 1668 1391 1707 538:
1418 1669 1656 1719 elephantis,

119 1741 235 1777 India
257 1754 426 1790 quorum
453 1736 614 1776 milibus
637 1750 656 1776 c
677 1736 815 1776 multis
836 1739 941 1776 vallo
963 1739 1145 1776 munitur
1175 1738 1325 1775 eburno
1349 1734 1406 1786 (h.
1434 1747 1470 1774 e.
1495 1733 1610 1772 vallo
1636 1745 1657 1770 e

119 1804 269 1844 multis
304 1804 480 1844 milibus
516 1805 777 1857 constante).
823 1819 863 1843 v.
890 1805 992 1843 691:
1030 1819 1075 1843 ex
1108 1806 1195 1842 aliis
1231 1807 1411 1842 constare
1434 1804 1655 1841 elementis.

119 1887 159 1912 v.
178 1874 280 1912 698:
306 1889 351 1912 ex
373 1876 459 1912 aliis
483 1879 674 1912 constare.
701 1886 739 1910 v.
759 1873 860 1911 820:
886 1886 986 1923 quae
1009 1872 1193 1909 consumi
1218 1883 1265 1908 ex
1286 1868 1388 1907 illis.
1424 1883 1465 1907 v.
1484 1869 1586 1907 866:
1612 1883 1657 1907 ex

119 1943 374 1980 insensilibus
395 1965 433 1969 —
457 1946 649 1979 constare.
692 1953 732 1978 v.
751 1940 830 1978 981
857 1953 945 1990 sq.:
971 1951 1017 1976 ear
1039 1937 1136 1976 aliis
1165 1962 1203 1965 β
1234 1939 1415 1975 constare
1437 1935 1654 1983 clementis,

119 2011 213 2061 inde
235 2011 311 2047 alia
334 2021 380 2046 ew
401 2006 514 2046 aliis.
557 2005 645 2055 ΙΙΙ,
671 2007 774 2046 375:
800 2021 919 2058 quam
941 2003 1082 2058 quibas
1105 2016 1124 2043 e
1146 2019 1287 2055 corpus
1310 2005 1423 2042 nobis
1447 2008 1487 2042 et
1508 2005 1657 2041 viscera

121 2078 319 2114 constant.
368 2073 449 2123 IV,
481 2074 583 2113 534:
616 2079 802 2114 constent
830 2076 1026 2125 corporeis
1055 2088 1074 2111 e
1103 2073 1321 2124 principiis.
1364 2084 1404 2109 v.
1437 2071 1537 2109 648:
1569 2084 1656 2122 pro-

120 2145 213 2182 inde
255 2156 300 2180 ca:
340 2141 554 2180 seminibus
595 2144 779 2179 constant
820 2144 998 2179 variante
1039 2144 1176 2191 figura.
1231 2137 1301 2178 Sic
1335 2137 1516 2176 Lachm.
1557 2149 1654 2189 pro:

122 2212 294 2250 Proinde
329 2215 368 2248 et
401 2211 618 2248 seminibus
652 2214 838 2248 constant
871 2210 1105 2259 variantque
1139 2210 1276 2258 figura.
1318 2204 1356 2254 I,
1390 2205 1492 2244 669:
1525 2220 1544 2244 e
1574 2207 1656 2243 nilo

121 2281 230 2317 fient.
273 2275 335 2325 II,
361 2278 442 2316 986
467 2291 529 2328 sq.
570 2274 636 2327 (si)
672 2278 800 2315 ridere
835 2281 969 2327 potest
999 2290 1077 2314 non
1107 2287 1154 2312 ex
1184 2271 1400 2312 rislcntibu’
1417 2271 1568 2326 scetus
1597 2272 1653 2323 (v.

122 2344 336 2396 Laehm.)‚
359 2350 400 2384 et
421 2359 556 2397 sapere
579 2349 619 2383 et
642 2346 769 2382 doctis
791 2346 988 2381 rationem
1010 2344 1173 2381 reddere
1196 2343 1314 2380 dictis
1336 2355 1416 2379 non
1439 2352 1486 2378 cx
1498 2337 1657 2377 semini-

123 2412 193 2451 bus
233 2411 482 2463 sapientibus
523 2416 643 2463 atque
685 2408 862 2449 disertis.
916 2407 998 2457 IV,
1037 2409 1136 2448 186:
1181 2413 1274 2447 sunt
1315 2423 1334 2447 e
1376 2409 1512 2459 primis
1553 2409 1658 2445 facta

123 2482 301 2520 minutis.
344 2493 384 2518 v.
404 2479 505 2518 738:
531 2494 631 2531 quae
654 2480 832 2518 confiunt
854 2490 900 2515 ex·
922 2474 1198 2528 horumfacia
1209 2474 1374 2529 fiyuris.
1417 2488 1458 2513 v.
1486 2474 1586 2513 739:
1611 2486 1657 2511 cai·

124 2547 211 2586 rivo
227 2550 417 2587 Centauri
441 2548 586 2600 nonsit
607 2549 752 2598 imago.
780 2543 835 2593 V,
854 2544 954 2582 890:
979 2559 1027 2582 ne
1050 2547 1152 2582 forte
1175 2556 1221 2581 em
1242 2541 1397 2581 homine
1419 2548 1459 2581 et
1480 2539 1656 2579 veterino

124 2614 270 2654 semine
303 2630 495 2666 equorum
528 2612 691 2667 confieri
724 2615 858 2652 credas
893 2614 1111 2650 Centauros
1146 2625 1271 2662 posse.
1314 2608 1350 2658 I,
1383 2609 1463 2649 714
1492 2622 1579 2660 sq.:
1617 2612 1657 2646 et

125 2685 194 2735 qui
215 2684 406 2735 quattuor
428 2694 474 2719 ea*
497 2681 611 2719 rebus
633 2696 745 2733 posse
767 2682 901 2719 omnia
921 2684 1060 2718 rentur
1081 2691 1128 2716 em
1150 2676 1236 2727 iyni
1258 2680 1365 2715 terra
1387 2682 1506 2728 atque
1521 2674 1656 2714 anima

125 2762 370 2800 procrescere
392 2754 432 2787 et
452 2747 583 2787 imbri.
628 2762 667 2786 v.
696 2748 795 2787 763:
829 2749 1012 2798 Denique
1043 2748 1233 2798 quattuor
1255 2758 1301 2782 cn·
1323 2742 1437 2781 rebus
1459 2746 1491 2782 si
1514 2749 1657 2782 cuncta

197 2817 303 2845 Home,
326 2817 518 2840 Lineamenta.
1354 2813 1373 2842 5
