1833 3048
782 114 830 149 65

137 245 264 292 fuerit,
298 248 483 283 racemari
515 241 623 292 lices,
656 247 753 294 quod
797 247 949 285 verbum
978 260 1000 286 a
1041 244 1216 286 Fictorio
1253 261 1299 287 ex
1338 250 1475 290 codicis
1513 254 1570 290 sui

139 311 255 350 verbo
285 306 482 350 ‘racimari'
527 324 596 359 pro
635 307 879 351 ‘ratiocinari'
920 315 1095 361 vulgatae
1131 315 1302 353 lectionis
1339 320 1568 365 restitutum,

136 376 349 414 derivatum
381 381 438 414 est
469 389 491 414 a.
519 389 681 414 racemo
712 379 736 415 i.
768 391 798 416 e.
831 381 949 417 caule.
983 392 1054 428 quo
1070 392 1163 419 uvae
1184 382 1408 429 dependent.
1439 384 1569 431 Itaque

137 442 295 480 verbum
325 444 543 481 racemandi
577 445 732 491 proprie
763 444 968 492 significat:
1010 457 1100 483 uvas
1140 447 1185 484 de
1215 458 1364 486 racemo
1394 449 1571 495 colligere

137 512 216 555 aut,
249 520 331 546 cum
358 519 546 546 racemus
565 510 603 546 in
634 510 826 547 notionem
856 522 1010 548 uvarum
1041 512 1205 558 ipsarum
1236 516 1441 560 transierit7
1471 515 1570 552 idem

144 575 243 621 quod
274 569 510 612 ‘vindemiam
542 570 690 613 facere'.
730 576 801 613 Sed
833 587 877 613 ex
908 577 990 614 loco
1022 577 1121 614 Tert.
1153 580 1253 624 apol.
1285 581 1334 616 35
1365 574 1462 627 ‘post
1491 582 1570 617 vin-

141 640 303 678 demiam
333 641 615 687 parricidarum
645 643 852 680 racematio
892 638 1091 689 superstes'
1124 644 1298 687 efficitur,
1340 646 1371 681 si
1407 647 1570 683 transla-

142 707 284 744 tionem
326 718 359 744 v.
403 708 670 746 racemationis
708 708 916 754 sustuleris,
952 711 1167 746 accuratius
1205 722 1260 747 vv.
1291 712 1498 749 vindemiae
1535 716 1574 749 et

145 774 414 810 racemationis
452 774 505 811 ita
535 773 698 817 differre„
742 778 794 819 ut,
836 777 1040 821 postquam
1067 775 1254 812 vindemia
1292 777 1365 814 iam
1401 777 1574 816 confecta

143 840 202 885 sit,
225 840 481 877 racematione
514 841 738 877 minutiores
759 851 852 877 uvae
888 840 1130 887 neglegentia
1150 841 1308 879 relictae
1330 843 1571 892 colligantur.

146 904 310 942 Verbum
340 907 459 953 igitur
483 906 700 944 racemandi
736 907 835 952 apud
865 905 1076 943 Varronem
1113 907 1303 954 significat
1332 920 1394 946 res
1414 911 1574 947 leviores

139 981 255 1018 supra
283 972 439 1009 omissas
468 972 618 1010 addere.
678 972 867 1009 Victorius
907 972 1008 1009 haud
1048 972 1176 1018 inepte
1210 973 1357 1010 confort
1396 986 1572 1023 graecum

142 1049 175 1075 v.
209 1034 490 1089 ἐπιφυλλίδες
521 1038 557 1074 h.
590 1049 622 1075 e.
653 1038 794 1076 racemi
823 1038 889 1081 illi,
922 1039 982 1084 qui
1023 1038 1122 1075 foliis
1153 1039 1243 1075 tecti
1284 1039 1393 1076 facile
1423 1040 1570 1086 fallant,

144 1110 224 1141 tum
242 1105 393 1142 omnino
409 1115 469 1140 res
490 1105 589 1141 leves
610 1109 647 1141 et
664 1104 765 1149 viles,
782 1104 882 1140 velut
900 1104 1095 1150 Aristoph.
1114 1115 1195 1141 ran.
1217 1105 1265 1141 92
1290 1102 1571 1157 ἐπιφυλλίδες

145 1164 262 1207 ταῦτ’
286 1168 373 1207 ἐστὶ
395 1168 467 1207 καὶ
487 1162 804 1217 στι,ι)μύλματα;
826 1169 938 1207 Dion.
954 1169 1040 1207 Hal.
1054 1170 1150 1207 rhet.
1173 1174 1227 1208 lt).
1246 1173 1290 1208 18
1310 1166 1572 1221 τραγήματα

86 1234 89 1235 ’
148 1233 232 1272 τῶν
261 1227 401 1283 λόγων
432 1234 505 1272 καὶ
535 1228 675 1285 ὥσπερ
710 1233 1000 1288 &mmm-lidus
1032 1234 1105 1273 καὶ
1136 1231 1439 1284 στωμύλματα.

63 1297 293 1339 stabulare:
326 1302 373 1338 R.
405 1303 451 1340 R.
482 1303 510 1348 Ι,
535 1304 602 1349 213
639 1303 705 1346 III,
738 1305 773 1349 3,
806 1306 823 1338 ἰ’
858 1308 895 1340 et:
922 1304 1019 1340 idem
1058 1304 1168 1350 vei-g.
1200 1304 1266 1340 Ov.
1301 1303 1380 1341 Col.
1416 1310 1489 1342 etc.

59 1363 240 1405 sulcare:
269 1367 316 1405 R.
348 1369 393 1406 R.
425 1369 454 1413 Ι,
487 1371 550 1414 29,
584 1370 605 1404 2
639 1373 676 1405 et
705 1379 765 1416 ap.
798 1369 912 1415 Verg.
942 1369 1048 1406 Ovid.
1080 1369 1187 1406 alios.

59 1429 304 1470 succollare:
347 1435 392 1472 R.
425 1435 468 1472 R.
501 1435 568 1477 III,
605 1436 665 1482 16,
698 1436 721 1470 8
751 1429 853 1471 ‘etsi
884 1435 1013 1481 nequit
1048 1435 1174 1471 volare
1216 1433 1281 1482 (sc.
1313 1437 1441 1481 apium
1471 1438 1570 1481 rex),

143 1495 358 1539 succollant'
394 1501 428 1537 h.
459 1512 488 1538 e.
513 1501 611 1538 collo
634 1501 862 1547 suscipiunt3
896 1501 995 1547 quod
1025 1501 1123 1537 idem
1145 1501 1285 1547 legitur
1306 1501 1407 1539 Suet.
1440 1501 1571 1539 Claud.

145 1569 210 1612 10;
242 1567 329 1605 oth.
361 1568 396 1603 6.

198 1634 285 1672 Alia
314 1633 497 1671 eiusmodi
527 1633 654 1675 verba,
686 1642 781 1678 quae
810 1642 886 1669 non
918 1633 1037 1669 solum
1065 1633 1102 1668 in
1133 1632 1240 1669 libris
1270 1633 1315 1670 do
1338 1632 1395 1669 Re
1418 1632 1572 1669 Rustica

58 1699 251 1747 leguntur,
281 1700 375 1737 haec
404 1703 512 1736 sunt:

59 1770 294 1802 aeternare:
327 1765 417 1802 Rer.
449 1766 552 1802 huin.
581 1764 617 1801 II
650 1776 707 1811 ap.
740 1764 838 1801 Non.
873 1766 934 1814 75,
972 1768 1017 1801 16
1048 1759 1270 1811 ‘litterisque
1311 1776 1355 1803 ac
1396 1766 1570 1803 laudibus

142 1826 353 1870 aeternare'
385 1832 408 1868 i.
441 1843 471 1868 e.
510 1835 704 1869 aeternum
734 1829 871 1872 facere,
912 1831 1011 1877 quod
1042 1831 1196 1868 verbum
1229 1832 1378 1868 Horatii
1421 1832 1572 1878 ingenio

146 1898 275 1936 deberi
306 1898 401 1935 falso
432 1897 576 1935 iudicat
609 1898 816 1934 scholiasta
846 1897 995 1943 quidam
1026 1898 1072 1934 ad
1095 1897 1188 1933 Hor.
1221 1909 1336 1935 carin.
1375 1898 1437 1941 IV,
1466 1900 1525 1945 14,
1550 1899 1570 1931 5

144 1966 236 2011 (non
274 1965 500 2012 Porpliyrio,
545 1968 587 2000 ut
625 1961 928 2015 Zanyemeister
970 1965 1051 2011 „Do
1080 1965 1229 2000 Horatii
1260 1963 1412 2000 vocibus
1443 1965 1572 2010 singu-

145 2031 311 2069 laribus“
343 2043 379 2077 p.
405 2034 453 2068 37
484 2031 674 2074 adnotat).
721 2030 837 2075 Quem
868 2031 904 2066 in
922 2040 1088 2067 errorem
1107 2030 1332 2074 aliquot-iens
1353 2029 1576 2066 scholiastae,

141 2098 320 2135 incidisse
350 2099 586 2136 demonstrat
619 2092 925 2147 Zangyemeister
952 2097 973 2131 l.
1005 2107 1036 2132 c.

63 2175 286 2202 cernuare:
318 2165 363 2203 de
394 2167 458 2202 vit.
491 2166 533 2202 P.
564 2164 610 2200 R.
642 2164 670 2209 Ι,
690 2165 735 2199 21
775 2157 913 2199 ‘Etiam
944 2163 1049 2207 pellis
1083 2161 1244 2198 bubulas
1284 2162 1366 2198 oloo
1398 2161 1571 2207 perfusas

145 2232 434 2278 percurrebant,
475 2232 601 2278 ibique
631 2223 874 2267 cernuabant'
914 2228 949 2264 h.
981 2239 1012 2264 e.
1045 2228 1091 2264 ad
1121 2232 1262 2264 terram
1291 2228 1420 2264 cernui
1450 2227 1575 2273 prola-

147 2298 348 2337 bebantur.
385 2297 432 2336 cf.
463 2294 634 2334 Kettner
674 2296 721 2333 ad
751 2296 787 2331 h.
818 2295 841 2330 l.
884 2294 967 2331 Hoc
996 2293 1150 2331 verbum
1181 2297 1335 2339 praetor
1366 2292 1575 2329 Varronem

147 2370 253 2404 extat
283 2377 340 2413 ap.
371 2365 483 2410 Apul.
516 2364 630 2402 Solin.
663 2363 779 2400 Prud.

61 2429 400 2482 praenominare:
443 2430 558 2468 Catus
598 2431 644 2467 fr.
682 2430 733 2465 VI
762 2441 798 2475 p.
822 2429 901 2464 248
931 2427 988 2465 ed.
1020 2428 1133 2464 Riese
1163 2420 1237 2471 ‘qui
1269 2455 1276 2461 .
1300 2452 1306 2458 .
1331 2454 1337 2461 .
1363 2454 1370 2460 .
1403 2426 1577 2462 celeriter

148 2503 257 2537 erant
288 2499 378 2544 nati,
408 2498 488 2535 fere
507 2497 707 2534 Numerios
737 2487 1099 2542 praenoniinabaiit’,
1133 2492 1231 2538 quod
1261 2491 1415 2528 verbum
1445 2491 1575 2527 eadem

149 2567 303 2603 notione
332 2567 555 2610 usurpatum
593 2567 745 2610 praeter
782 2562 989 2597 Varronem
1030 2570 1210 2604 nusquam
1240 2557 1407 2594 invenias
1438 2558 1508 2593 nisi
1539 2558 1576 2593 in

150 2633 221 2669 inc.
261 2635 360 2668 auct.
401 2630 484 2667 libr.
526 2631 571 2667 de
610 2627 917 2675 praenominibus
956 2627 976 2671 ξ
1015 2628 1038 2660 4
1077 2619 1231 2661 ‘'l'ullius
1266 2624 1576 2669 praffliominatns

148 2703 206 2736 est
243 2698 375 2735 ominis
414 2698 550 2744 gratia,
591 2697 697 2741 quasi
733 2689 947 2738 tollendus'‚
992 2703 1064 2737 quo
1108 2692 1204 2727 lianc
1242 2701 1372 2727 vocem
1413 2700 1458 2725 ex
1497 2690 1578 2734 ipso

153 2763 326 2802 Varrone
355 2764 554 2800 transiisse
586 2762 694 2799 facile
726 2761 939 2807 suspiceris,
973 2769 1054 2794 cum
1085 2759 1236 2794 omnino
1277 2757 1381 2792 illurn
1411 2756 1577 2792 libellum

1356 2835 1377 2858 ί)
