1833 3048
795 60 1086 97 -15—

887 196 984 252 gs.

275 288 536 332 Pronomine
566 288 754 332 relativo
787 289 825 331 si
857 288 1101 332 subiectum
1132 289 1199 332 ita
1231 289 1487 343 exprimitur
1520 293 1568 333 ut
1590 303 1714 344 prae-

156 358 350 401 dicatum
383 360 556 400 constet
595 370 649 400 ex
689 358 843 411 copula
881 362 927 401 et
965 359 1155 414 nomine,
1196 359 1307 412 quod
1346 360 1472 403 docet
1512 359 1714 403 Schmalz

155 428 247 483 (Sy.
282 428 307 482 ξ
341 427 415 483 20)
448 427 564 481 apud
597 427 763 480 priscos
796 428 1032 481 scriptores
1065 440 1149 471 non
1172 429 1455 473 observatam
1490 442 1586 473 esse
1619 443 1715 473 eam

154 499 335 541 formam
376 498 420 540 in
460 510 545 551 qua
584 510 818 551 pronomen
855 498 1090 542 relativum
1129 510 1223 541 cum
1261 499 1432 542 nomine
1470 500 1715 553 praedicati

154 571 383 623 congruat,
409 567 768 611 commemorandi
790 567 900 611 'sunt
925 568 997 621 qui
1020 569 1103 611 huc
1124 569 1378 622 pertineant
1401 569 1484 613 loci
1506 571 1714 615 Varroni-

154 639 227 682 ani
258 640 283 682 I
325 643 406 691 41,
442 643 466 679 4
501 640 595 695 (fici
627 654 767 683 seonen
791 674 798 682 .
820 674 827 682 .
850 673 884 682 ..
909 654 1014 693 qicae
1045 645 1147 683 sant
1179 642 1349 684 minuta
1380 643 1546 695 grana),
1578 641 1603 682 Ι
1628 645 1663 693 7,
1691 645 1712 679 6

153 710 327 762 (Subari
368 711 443 763 qni
473 725 593 754 nunc
630 710 790 753 Thurii
821 711 1060 764 dicantur).

279 790 352 834 Ab
384 791 464 834 hoc
495 803 655 846 genere
684 791 854 846 seiungi
876 791 951 835 vix
982 794 1131 845 potest
1154 803 1206 834 ea
1229 791 1367 834 forma
1390 792 1714 835 enuntiatorum

159 861 443 905 relativorum
490 861 534 904 in
582 861 736 914 quibus
783 861 1065 905 accusativus
1119 861 1382 915 pronominis
1429 862 1608 905 relativi
1662 875 1715 906 ex

158 931 411 985 appellandi
454 932 586 974 verbo
627 943 721 973 cum
773 931 915 974 altero
955 932 1212 974 accusativo
1261 932 1492 975 coniuncto
1540 932 1713 986 pendet.

157 1001 383 1046 Eiusmodi
431 1001 476 1044 in
521 1001 889 1055 propositionibus
941 1005 1128 1055 utraque
1169 1006 1394 1046 structura
1433 1015 1570 1055 aeque
1622 1003 1714 1046 fere

157 1071 305 1115 multis
343 1071 450 1115 locis
496 1071 610 1125 apud
649 1073 892 1117 Varronem
932 1072 1172 1123 invenitur3
1222 1072 1453 1116 discrimen
1493 1076 1639 1116 autem
1678 1073 1716 1117 si

157 1145 357 1187 statuere
390 1155 495 1197 opus
529 1144 613 1196 est,
647 1143 784 1185 multo
817 1142 958 1198 magis
981 1142 1219 1187 Schmalzii
1244 1143 1468 1187 sententia
1490 1143 1715 1197 probanda

157 1213 241 1256 erit
275 1212 318 1268 (ξ
354 1214 423 1266 20)
459 1225 587 1266 quam
609 1212 811 1256 Kiihneri
843 1212 902 1269 (p.
939 1217 991 1254 25
1025 1227 1064 1256 n.
1100 1214 1163 1268 4),
1198 1214 1398 1266 quoniam
1430 1226 1477 1257 re
1508 1226 1615 1258 vera
1646 1214 1714 1258 his

155 1283 275 1334 locis,
303 1283 456 1336 quibus
486 1295 604 1337 pron.
635 1283 763 1326 relat.
796 1283 910 1327 idem
939 1296 1075 1338 genus
1099 1284 1293 1327 ostendit
1316 1288 1449 1338 atque
1472 1285 1713 1328 substanti-

158 1366 258 1397 vum
291 1353 346 1396 ad
379 1354 492 1406 quod
522 1353 715 1407 respicit,
756 1354 1030 1397 enuntiatum
1064 1355 1193 1397 relat.
1233 1354 1407 1398 minime
1446 1355 1714 1399 sententiam

156 1424 346 1477 aliquam
379 1423 558 1467 minoris
591 1424 797 1468 momenti
828 1425 1046 1479 exprimit,
1080 1425 1157 1469 sed
1180 1426 1235 1468 ab
1258 1426 1488 1469 enuntiato
1510 1426 1713 1480 primario

156 1495 326 1537 omnino
359 1495 584 1550 segregari
605 1508 690 1538 non
711 1498 872 1549 potest.
926 1495 1038 1538 Nam
1080 1496 1146 1539 his
1178 1496 1285 1539 locis
1318 1497 1342 1538 I
1376 1500 1443 1548 2,9
1477 1500 1585 1549 qaod
1616 1499 1713 1554 effo-

154 1568 289 1611 diebat
330 1568 489 1611 circam
516 1569 684 1611 arbores
706 1583 726 1611 e
746 1569 961 1612 radicibus
992 1581 1097 1620 quae
1123 1572 1403 1612 nascerentur
1423 1583 1444 1611 e
1464 1569 1562 1623 solo,
1595 1582 1715 1620 quos

154 1638 332 1682 stolones
379 1638 663 1693 appellabant,
710 1637 761 1679 II
799 1641 844 1691 4,
889 1641 938 1678 13
979 1641 1028 1683 in
1065 1640 1286 1683 nutricata
1326 1652 1473 1690 qnam
1516 1640 1713 1695 porcula-

154 1710 309 1753 tionem
337 1709 559 1764 appellant,
593 1708 669 1751 III
701 1711 764 1761 13,
791 1712 814 1749 2
838 1710 944 1753 silva
965 1715 1081 1753 erat.
1103 1743 1111 1752 .
1138 1710 1291 1761 .quod
1320 1724 1411 1753 non
1442 1711 1712 1765 leporarium,

154 1780 224 1822 sed
272 1779 603 1834 therotrophium
651 1780 883 1835 appellabat
930 1777 1010 1834 [sic
1041 1778 1074 1822 J
1076 1778 1266 1822 ucundus
1309 1791 1385 1832 pro
1429 1781 1587 1834 noant]
1627 1784 1711 1823 etc.

156 1848 435 1891 enuntiatum
483 1847 718 1893 relativum
756 1848 817 1891 nil
854 1848 1050 1892 continet
1093 1848 1178 1892 nisi
1216 1849 1563 1893 additamentum
1601 1851 1714 1904 quod

155 1917 282 1962 salva
314 1917 538 1960 sententia
570 1917 704 1960 etiam
737 1917 882 1962 omitti
922 1921 1121 1973 poterat;
1155 1921 1309 1962 contra
1350 1920 1375 1962 I
1407 1923 1460 1961 46
1495 1923 1712 1967 admiran-

154 1991 256 2034 dum
276 1990 385 2042 quod
398 1989 457 2044 fit
487 1990 538 2034 in
551 1990 738 2044 floribus
758 2004 878 2042 qnos
899 1995 1049 2035 vocant
1078 1991 1340 2046 heliotropia,
1373 1991 1425 2033 ΙΙ
1449 1996 1486 2045 5,
1514 1995 1565 2033 12
1600 1995 1711 2035 extr.

154 2061 386 2105 secundum
416 2061 524 2104 astri
565 2065 757 2104 exortum
884 2062 1010 2113 quod
1041 2062 1192 2105 Graeci
1222 2067 1372 2106 vocant
1403 2063 1544 2118 lyran,
1580 2064 1715 2118 fidem

154 2131 296 2174 nostri
341 2131 424 2171 etc.
498 2129 775 2173 enuntiatum
813 2130 1046 2173 relativum
1096 2142 1190 2173 cum
1240 2131 1469 2174 enuntiato
1508 2131 1712 2185 primario

161 2203 254 2243 tam
287 2202 411 2243 arcte
443 2199 650 2244 cohaeret
680 2203 730 2244 ut
751 2213 931 2244 necesse
963 2200 1096 2245 fuerit
1127 2213 1359 2254 pronomen
1380 2201 1457 2245 rel.
1481 2201 1537 2245 ad
1559 2214 1712 2246 nomen

160 2282 317 2325 regens
350 2269 517 2313 referri.

273 2353 360 2396 Sed
392 2378 448 2384 —-
484 2352 786 2406 „plerumque“
823 2353 954 2405 enim,
989 2366 1073 2397 non
1111 2357 1331 2408 „semper“
1368 2354 1448 2397 hoc
1481 2354 1712 2398 discrimen

159 2423 383 2466 observari
406 2422 676 2466 Schmalzius
718 2423 826 2467 dicit
851 2448 897 2455 —
925 2425 1002 2466 III
1028 2428 1092 2477 16,
1126 2428 1176 2465 12
1210 2424 1474 2479 (Melittonas
1494 2427 1556 2470 ita
1575 2429 1713 2482 facere

155 2499 322 2550 oportet,
356 2508 476 2546 qnos
516 2496 593 2540 alii
630 2496 897 2551 nzelitrophia
935 2496 1162 2551 appellant,
1202 2498 1374 2539 eandem
1416 2512 1504 2540 reni
1541 2498 1712 2550 qnidam

153 2564 386 2619 mellaria),
430 2564 541 2617 quod
573 2564 737 2620 legitur
775 2564 1050 2608 enuntiatum
1091 2565 1341 2619 relativum,
1382 2566 1426 2608 id
1466 2565 1528 2608 eis
1566 2566 1711 2620 potius

156 2634 445 2684 adnumerem,
480 2635 634 2688 quibus
667 2635 891 2679 sententia
924 2635 980 2678 ad
1013 2635 1344 2690 intelligendam
1372 2636 1711 2689 propositionem

155 2704 407 2757 primariam
446 2706 698 2749 necessaria
735 2719 818 2749 non
859 2705 1141 2759 exprimatur.
1218 2706 1340 2748 Idem
1388 2707 1614 2750 dicendum
1658 2707 1711 2750 de

153 2775 247 2817 loco
278 2776 304 2818 I
339 2779 404 2830 57,
441 2779 464 2816 2
498 2777 689 2831 (quidam
726 2778 938 2834 ymnaria
982 2778 1133 2821 liabent
1175 2778 1249 2819 snb
1290 2779 1434 2831 terris,
1474 2779 1708 2833 speluncas,

155 2860 272 2898 quas
295 2853 443 2891 vocant
464 2849 582 2891 sirus
604 2853 651 2891 ut
672 2850 721 2892 in
745 2847 1007 2903 Cappadocia
1028 2862 1077 2890 ac
1112 2846 1309 2902 Thracia,
1343 2848 1422 2891 alii
1440 2853 1588 2902 puteos
1619 2848 1709 2903 etc.)
