1787 3043
561 158 923 185 PRAEPOSITIONES
957 158 1044 185 CUM
1078 159 1175 185 ΑΒΕ.
1580 148 1630 187 57

103 287 247 324 ponere
270 269 465 327 nobiscum
489 273 635 309 credas.
679 284 719 308 v.
746 270 824 309 539
849 284 933 308 enm
955 275 1141 309 smmsmst
1163 270 1333 308 elamore
1355 274 1549 323 profusus.
1591 286 1631 310 v.

103 339 183 378 968
207 344 456 379 contractum
486 351 570 376 cum
601 337 728 376 ventis
750 340 893 389 degere
915 340 1078 377 bellum.
1122 352 1161 376 v.
1189 339 1297 377 1126
1320 342 1488 389 grandes
1510 338 1636 378 vir-ich·

103 420 187 445 eum
221 406 308 444 luce
348 408 548 457 zmaragdi
582 421 675 444 auro
709 408 984 444 includuntur.
1027 419 1066 444 V.
1096 406 1201 444 1282
1233 418 1358 444 Secum
1391 422 1461 446 nos
1491 409 1634 459 degere

103 477 238 513 vitam.
285 472 336 521 V,
361 474 442 512 459
472 486 598 511 secam
634 497 674 500 -
710 471 891 512 abstulit.
934 487 974 511 v.
1006 473 1087 512 624
1116 486 1197 511 eum
1230 475 1327 512 caeli
1350 472 1508 512 turbine
1530 478 1634 514 ferri.

103 555 143 580 v.
162 540 241 580 627
256 543 428 592 relinqui
450 563 489 568 —
512 542 635 579 solem
658 553 740 578 enm
758 539 1043 591 posfe)·z'0)·ibw’
1066 539 1208 589 siquis.
1242 554 1283 578 v.
1301 540 1379 579 631
1405 554 1489 578 eum
1511 540 1637 591 siquis

102 611 266 648 tendere
300 624 468 647 cursum.
512 621 551 645 v.
592 607 668 647 715
700 606 863 657 proprio
897 621 979 646 eum
1016 607 1165 645 lvmine
1203 632 1240 634 ff*
1279 611 1440 647 volvier.
1484 622 1524 646 v.
1557 610 1637 647 864

103 691 245 716 canum
255 675 344 729 fido
367 689 451 713 eum
466 677 643 725 pectore.
688 689 728 713 v.
755 676 860 714 1311
886 691 978 727 prae
1001 690 1040 714 se
1063 678 1202 714 misere
1226 678 1358 714 leones
1389 689 1473 713 cum
1502 674 1636 714 docto-

105 742 214 782 ribus
248 741 496 794 armatisque
530 741 738 794 saevisque
773 742 986 793 massisste's.
1032 757 1070 781 v.
1102 742 1207 782 1391
1239 746 1335 781 haec
1373 767 1411 770 —
1448 745 1639 783 iuvabant

104 824 189 849 eum
211 809 360 849 satiate
382 813 471 849 cibi.
505 808 584 858 VI,
611 812 654 849 5:
680 813 806 849 virum
831 809 908 848 tabi
931 823 1015 848 cum
1039 810 1154 848 eorde
1176 816 1390 862 repertum.
1426 824 1465 848 v.
1494 810 1543 849 75
1567 826 1638 850 nec

104 881 269 918 delubra
291 881 408 918 deum
430 876 598 928 placido
621 890 706 916 eum
730 881 890 927 pectore
912 880 1050 917 adibis.
1093 892 1132 916 v.
1159 880 1210 917 95
1234 884 1274 917 te
1297 881 1396 917 duce
1419 882 1465 917 ut
1487 877 1638 928 z'tzsz'gsm'

105 949 255 998 capiam
278 959 360 984 cun}
385 945 506 984 laude
528 961 724 985 coronam.
759 959 798 984 v.
826 945 926 984 225:
952 949 1057 985 hunc
1080 949 1155 985 tibi
1178 949 1367 985 subtilem
1390 944 1637 996 cumprimis

104 1012 262 1064 ifflez'bus
282 1016 417 1064 ignem
441 1016 652 1053 constituit
674 1018 826 1053 natura.
871 1027 909 1052 v,
936 1013 1036 1053 371:
1075 1019 1114 1052 et
1148 1016 1254 1052 calor
1282 1019 1480 1053 extremus
1506 1012 1639 1063 primo

104 1080 367 1135 cumfriyore
396 1079 558 1119 mtrem.
602 1095 642 1120 v.
669 1081 748 1120 678
780 1097 867 1120 cum
897 1087 1029 1121 tamen
1054 1084 1185 1120 omnia
1207 1094 1292 1119 cum
1315 1080 1424 1119 eaelo
1448 1084 1638 1132 berraque

106 1147 287 1201 mam'que
309 1151 367 1188 nil
389 1152 470 1188 sint
493 1151 539 1188 ad
562 1164 752 1188 summam
777 1152 944 1188 summai
966 1152 1091 1188 totius
1108 1165 1276 1188 omnem.
1309 1163 1349 1187 v.
1369 1149 1477 1188 1202
1500 1151 1641 1201 capit-is

105 1230 190 1255 eum
220 1232 334 1269 saepe
366 1215 500 1255 dolore
528 1222 737 1269 corruptus
766 1219 925 1268 sanguis
949 1220 1115 1270 expletis·
1139 1220 1299 1257 naribus
1322 1220 1418 1256 ibat.
1461 1230 1503 1255 v.
1530 1216 1638 1255 1233

105 1287 290 1324 deficiens
312 1287 442 1324 animo
466 1287 612 1323 maesto
635 1298 720 1322 enm
743 1284 858 1323 corde
886 1287 1052 1324 iacebat.
1095 1299 1132 1324 v.
1162 1286 1270 1324 1268
1300 1287 1489 1337 languida
1516 1297 1640 1323 sema-

106 1351 210 1391 nimo
233 1365 318 1390 cum
341 1365 501 1402 corpore
523 1354 700 1391 membra
714 1355 866 1392 videres
882 1355 987 1391 cet-t.
1023 1366 1063 1391 v.
1082 1354 1191 1392 1285
1207 1353 1331 1392 mullo
1347 1366 1431 1391 eum¹
1446 1351 1642 1403 san-quine

105 1435 220 1472 saepe
241 1423 414 1459 rixantes
436 1422 570 1472 potius
593 1425 697 1459 cett.-

220 1486 284 1526 De
318 1488 354 1539 a)
387 1485 545 1526 dicitur
573 1486 759 1537 deloco,
795 1486 908 1526 unde
942 1486 1105 1540 aliquid
1139 1490 1353 1536 movetur,
1391 1486 1480 1526 sive
1514 1500 1640 1526 verus

108 1560 174 1594 est
208 1555 329 1594 locus
364 1554 453 1594 sive
488 1569 554 1594 res
584 1569 659 1609 per
686 1556 987 1609 metaphoram
1017 1569 1092 1608 pro
1116 1555 1211 1594 1000
1236 1559 1429 1607 accepta.
1473 1554 1510 1604 Ι,
1537 1556 1637 1594 191:

107 1627 277 1676 quicque
310 1637 382 1662 Sua
418 1623 465 1662 (le
499 1623 667 1662 materia
701 1627 958 1675 grandescere
993 1627 1136 1676 alique.
1180 1638 1220 1663 v.
1245 1624 1348 1663 384:
1380 1626 1458 1663 duo
1482 1623 1528 1661 de
1550 1637 1640 1661 con-

108 1704 223 1730 cursu
260 1707 423 1743 corpora
455 1695 535 1731 lata
568 1695 596 1730 si
633 1695 713 1731 cita
745 1691 971 1731 dissiliant.
1023 1706 1062 1731 v.
1089 1693 1193 1731 411:
1231 1695 1305 1731 hoc
1338 1694 1414 1731 tibi
1443 1691 1492 1730 (le
1512 1691 1640 1741 plano

107 1775 266 1812 possum
301 1762 547 1811 promittere,
582 1763 760 1800 Memmi.
817 1774 856 1799 v.
893 1760 994 1799 413:
1033 1763 1170 1811 lingua
1204 1773 1283 1798 meo
1318 1763 1446 1799 suavis
1483 1758 1560 1797 diti
1595 1759 1642 1797 (le

101 1830 263 1878 pectore
284 1829 438 1866 fundet.
480 1841 521 1865 v.
546 1828 648 1867 437:
683 1827 797 1866 nulla
829 1828 875 1867 de
896 1831 1020 1879 parte
1049 1831 1155 1880 quod
1185 1830 1307 1867 ullam
1327 1843 1410 1867 rem
1433 1830 1641 1880 prohibere

108 1900 240 1947 queat.
282 1908 322 1932 v.
351 1894 449 1934 788:
481 1911 609 1934 meare
632 1910 655 1933 α
679 1895 788 1934 caelo
811 1899 860 1935 ad
881 1902 1041 1945 terram,
1070 1895 1116 1934 de
1139 1899 1245 1934 berra
1268 1898 1317 1934 ad
1340 1899 1468 1935 sidera
1489 1898 1640 1935 mundi.

107 1976 149 2001 v.
175 1962 306 2002 1017:
341 1965 516 2015 dispulsa
545 1977 614 2001 3240
637 1963 684 2002 (le
706 1967 832 2002 eoem,
876 1977 917 2002 v.
944 1964 1074 2003 1111:
1108 1979 1198 2003 nam
1229 1978 1305 2016 qna
1337 1979 1505 2016 cumque
1533 1966 1641 2016 prius

109 2029 156 2068 (le
182 2029 297 2081 parti
331 2046 493 2083 corpora
527 2034 636 2070 desse
671 2034 902 2071 constitues.
945 2030 1007 2080 II,
1034 2032 1134 2070 21οῑ
1171 2035 1230 2070 sol
1263 2035 1383 2071 etiam
1417 2044 1563 2069 summo
1594 2030 1642 2070 de

108 2097 255 2137 verlice
277 2101 443 2150 dissipat
466 2102 592 2138 omnis
614 2101 793 2139 ardorem
815 2102 856 2138 in
879 2102 1014 2151 partis.
1056 2113 1097 2137 v.
1125 2100 1224 2138 235:
1250 2106 1290 2138 at
1313 2104 1451 2139 contra
1471 2101 1572 2138 nulli
1595 2097 1642 2138 (le

109 2165 225 2205 nulla
240 2169 362 2217 parte
390 2191 430 2194 —
458 2169 574 2206 inane
596 2173 730 2220 potest
752 2183 919 2206 vacuum
942 2170 1155 2207 subsistere
1178 2170 1245 2206 rei.
1290 2181 1329 2206 v.
1355 2168 1458 2206 354:
1484 2169 1641 2219 sangui-

110 2238 169 2274 nis
203 2237 383 2286 expirans
424 2259 462 2263 —
505 2234 552 2273 de
584 2238 747 2286 pedore
780 2238 939 2274 fiumen.
993 2249 1034 2273 v.
1071 2236 1173 2274 846:
1218 2250 1289 2274 nec
1330 2238 1481 2275 iaciunt
1514 2238 1641 2275 ullum

109 2305 313 2355 proprium
336 2301 383 2340 de
405 2315 565 2353 corpore
587 2306 760 2342 odorem.
802 2317 843 2341 v.
869 2303 969 2342 877:
1002 2306 1134 2341 nostro
1158 2302 1205 2341 de
1226 2316 1386 2353 corpore
1407 2318 1521 2356 saepe
1544 2306 1641 2343 fera—

109 2386 197 2409 rum
231 2376 449 2421 augescunt
482 2373 596 2410 vires.
638 2384 680 2409 V.
706 2371 837 2410 1124:
875 2374 988 2423 plura
1021 2373 1096 2409 sibi
1129 2373 1346 2410 adsumunt
1376 2387 1495 2423 quam
1526 2370 1573 2410 de
1602 2385 1641 2410 se

111 2453 274 2490 corpora
301 2441 484 2478 mittunt.
528 2452 567 2477 v.
600 2439 729 2477 1154:
763 2441 870 2478 haud
899 2463 933 2466 —
967 2441 1151 2478 mortalia
1179 2441 1306 2478 saecla
1336 2455 1504 2491 superne
1527 2454 1643 2479 aurea

111 2505 158 2544 de
185 2505 294 2544 eaelo
325 2508 486 2545 demisit
514 2509 619 2545 funis
648 2509 687 2546 in
717 2522 818 2545 arva.
861 2504 948 2555 III,
976 2507 1075 2545 213:
1101 2509 1271 2546 libatum
1294 2506 1340 2545 de
1363 2510 1443 2545 toto
1466 2519 1638 2557 corpore.

110 2587 152 2612 v.
167 2573 262 2612 223:
280 2588 395 2612 sucus
411 2574 458 2611 de
472 2587 632 2624 corpore
647 2577 798 2614 crescit.
822 2588 862 2612 v.
878 2575 956 2613 225
974 2577 1198 2614 detractum
1213 2577 1260 2614 de
1275 2577 1461 2626 pondere.
1485 2588 1525 2613 v.
1539 2575 1639 2613 514:

111 2644 160 2680 de
181 2656 334 2680 summa
357 2644 576 2682 detrahere.
600 2657 640 2680 v.
659 2644 761 2682 594:
788 2644 868 2680 toto
891 2640 992 2680 solvi
1014 2641 1060 2680 de
1083 2655 1242 2692 corpore
1264 2645 1378 2681 velle.
1402 2656 1443 2680 v.
1461 2642 1562 2681 608:
1586 2645 1642 2682 ire

112 2712 213 2749 foras
235 2733 274 2737 —
297 2709 344 2748 de
365 2722 524 2760 corpore
542 2712 636 2749 toto.
662 2725 701 2749 v.
721 2710 799 2749 991
817 2724 824 2747 :
850 2711 1035 2762 praebere
1058 2712 1190 2749 cibum
1208 2709 1373 2761 proprio
1397 2709 1444 2748 cle
1465 2722 1639 2760 corpore.

111 2791 152 2816 v.
172 2779 301 2816 1016:
326 2780 526 2817 horribilis·
542 2777 588 2816 {le
603 2792 697 2816 samo
718 2780 836 2817 iactu’
859 2780 1052 2817 deorsum.
1076 2791 1118 2817 V.
1135 2778 1265 2817 1088:
1290 2793 1362 2818 nec
1383 2801 1423 2806 —
1445 2780 1640 2818 demimus
