1833 3048
779 61 1067 99 -47-

145 174 384 228 propositio
423 174 614 218 relativa
648 173 855 228 originem
889 175 1008 217 ducit
1040 175 1085 217 II
1120 180 1216 228 9,15
1251 190 1345 219 cum
1377 177 1552 220 clavalis
1584 179 1693 232 capi-

144 247 246 290 tatis
289 259 394 298 quae
435 247 555 290 intra
586 247 736 301 capita.
791 244 923 287 Cuius
955 245 1039 287 loci
1070 257 1192 288 usum
1222 246 1486 299 pronominis
1516 246 1696 289 relativi

145 315 221 358 cfr.
267 328 362 358 cum
403 315 472 358 his
512 315 658 359 verbis
699 315 750 358 II
786 319 880 368 11‚6
923 331 1018 359 cum
1048 317 1204 360 sudare
1233 318 1484 368 inceperunt
1515 332 1627 372 oves,
1669 332 1696 360 a

144 399 224 440 quo
255 387 408 431 sudore
437 389 519 429 etc.

142 491 217 534 De
250 491 504 534 modorum
535 490 585 533 in
618 490 913 533 enuntiatis
947 490 1277 534 secundariis
1310 504 1403 534 usu
1436 494 1475 545 (ξ
1507 495 1694 544 32—37).

862 574 885 626 g
920 577 988 614 32.

261 645 325 689 Ut
357 656 488 698 supra
520 645 561 697 (ξ
596 645 666 696 25)
698 655 793 686 cum
826 643 878 685 de
910 642 1116 687 infinitivi
1148 657 1227 687 usu
1259 646 1393 688 verba
1416 645 1501 688 feci
1523 646 1576 690 de
1598 660 1695 701 pro-

142 714 238 769 pria
277 715 369 757 eius
400 714 446 758 vi
478 726 530 756 ac
561 716 722 757 natura
755 713 1053 766 quaesiturum
1084 728 1152 758 me
1185 728 1280 758 esse
1312 729 1597 771 negaveram,
1632 718 1696 761 sic

143 798 197 828 ne
248 785 318 828 hic
365 785 536 838 quidem
584 785 796 827 aberrabo
842 785 887 827 in
935 784 1281 828 coniecturarum
1328 787 1380 829 de
1428 788 1696 833 coniunctivi

146 855 312 910 origine
360 868 557 909 campum
603 855 832 907 lubricum,
887 855 964 898 sed
1015 855 1153 909 ipsum
1207 869 1328 900 usum
1377 858 1696 903 Varronianum

147 926 413 969 adumbrabo
445 938 586 980 pauca
617 929 792 968 tantum
823 925 933 968 haec
963 926 1209 979 praefatus:

267 996 375 1040 Cum
393 996 624 1039 enuntiata
642 995 859 1038 inferioris
876 996 1039 1039 ordinis
1056 1009 1110 1039 ex
1126 998 1368 1041 enuntiatis
1384 999 1602 1053 primariis
1615 999 1697 1042 ori-

143 1067 287 1123 ginem
304 1066 536 1121 traxerint,
555 1079 608 1109 ea
621 1066 855 1110 enuntiata
871 1080 983 1120 quae
995 1067 1282 1112 indicativum
1299 1070 1468 1113 modum
1486 1070 1695 1114 exhibent

144 1137 431 1182 vetustiorem
474 1137 645 1180 dicendi
676 1137 858 1180 formam
889 1138 1125 1182 retinuisse
1147 1144 1334 1193 apparet
1356 1153 1482 1193 quam
1507 1154 1561 1184 ea
1584 1154 1694 1194 quae

144 1208 478 1252 coniunctivum.
530 1207 682 1260 Atque
713 1212 763 1250 ut
796 1207 966 1251 omnino
994 1209 1260 1254 indicativus
1289 1210 1334 1253 in
1365 1211 1490 1254 libris
1520 1212 1694 1266 propius

145 1279 202 1321 ad
248 1291 487 1321 sermonem
534 1278 800 1321 cotidianum
849 1279 1160 1323 accedentibus
1206 1293 1312 1334 prae
1359 1282 1421 1324 eis
1463 1284 1695 1336 praevalet

145 1361 321 1402 quorum
364 1354 567 1391 auctores
609 1349 794 1391 sermoni
835 1349 1035 1403 poliendo
1076 1351 1218 1406 magis
1260 1364 1435 1405 operam
1468 1354 1694 1408 dederunt,

144 1421 209 1462 sic
251 1420 385 1463 etiam
417 1420 561 1465 Varro
603 1432 908 1472 nonnunquam
949 1420 1235 1465 indicativum
1277 1426 1462 1476 usurpat
1502 1424 1577 1467 ubi
1618 1424 1696 1467 alii

146 1490 385 1544 scriptores
433 1502 610 1543 quorum
658 1490 829 1533 dicendi
875 1503 1013 1545 genus
1060 1505 1088 1534 a
1133 1493 1255 1547 vulgi
1298 1506 1495 1537 sermone
1532 1495 1695 1538 maiore

144 1561 379 1604 intervallo
420 1562 548 1604 abest
580 1573 709 1613 quam
740 1561 1061 1606 Varronianum
1094 1563 1370 1607 coniunctivo
1402 1565 1521 1608 usuri
1553 1569 1692 1609 erant.

262 1631 328 1674 At
376 1632 678 1675 coniunctivus
726 1644 893 1684 quoque
935 1632 1001 1674 ita
1041 1632 1264 1677 invenitur
1304 1637 1355 1676 ut
1396 1634 1488 1678 eius
1526 1648 1629 1679 usus
1669 1649 1695 1679 a

145 1703 342 1746 sollemni
384 1703 555 1745 dicendi
596 1703 908 1745 consuetudine
950 1703 1118 1746 alienus
1158 1704 1230 1746 sit.
1285 1704 1474 1760 Quorum
1506 1707 1696 1750 locorum

144 1777 348 1816 naturam
390 1773 453 1816 sic
495 1773 785 1826 expediemus.
839 1774 903 1816 Ut
943 1773 988 1816 in
1021 1774 1121 1817 aliis
1153 1775 1410 1828 quibusdam
1441 1777 1588 1828 rebus,
1631 1777 1695 1819 sic

144 1843 189 1886 in
231 1842 496 1886 coniunctivi
538 1855 618 1886 usu
659 1843 898 1886 transitum
930 1845 1144 1896 quendam
1177 1845 1451 1900 assignificat
1481 1847 1695 1892 Varronis

146 1914 352 1967 elocutio,
397 1926 491 1957 cum
534 1926 586 1956 ea
628 1914 805 1968 linguae
844 1917 996 1957 aetate
1028 1927 1155 1968 quam
1188 1928 1241 1958 ex
1274 1916 1485 1961 Varronis
1518 1917 1696 1972 scriptis

143 1985 442 2040 cognoscimus
481 1984 784 2028 coniunctivus
822 1985 867 2027 in
906 1985 1149 2028 enuntiatis
1189 1987 1458 2029 secundariis
1482 1987 1623 2042 magis
1650 1987 1696 2031 in

145 2068 270 2099 usum
303 2057 453 2100 venire
485 2056 856 2109 indicativumque
887 2057 1122 2110 reprimere
1144 2056 1351 2109 coeperit.
1405 2057 1696 2112 Quamobrem

146 2138 241 2169 cum
283 2126 404 2181 leges
447 2130 598 2169 certae
639 2127 826 2169 nondum
869 2130 1018 2169 essent
1060 2127 1349 2179 constitutae,
1391 2140 1695 2181 nonnunquam

143 2196 210 2238 ita
248 2196 383 2239 etiam
420 2197 521 2251 poni
557 2197 753 2240 videmus
793 2197 1113 2241 coniunctivum
1148 2199 1245 2251 (quo
1277 2201 1487 2251 usurpato
1518 2202 1697 2252 propter

143 2266 280 2320 ipsius
311 2270 514 2309 naturam
547 2267 793 2321 elegantior
822 2267 874 2310 fit
906 2268 1046 2310 oratio
1080 2270 1125 2310 et
1157 2268 1380 2311 sententia
1412 2268 1538 2321 quasi
1564 2269 1695 2323 plane

145 2336 234 2379 alia
271 2337 367 2380 luce
397 2337 664 2390 illustratur)
701 2340 751 2381 ut
784 2338 921 2381 ceteri
952 2337 1125 2384 minime
1157 2338 1366 2383 Varronis
1397 2351 1521 2381 usum
1553 2339 1695 2382 secuti

146 2407 203 2449 ad
239 2406 469 2460 pristinum
501 2407 646 2461 potius
677 2407 962 2452 indicativum
993 2408 1217 2451 redIerint.
1274 2408 1529 2452 Istiusmodi
1559 2409 1696 2464 igitur

144 2476 251 2519 locis
297 2477 422 2520 nobis
469 2477 645 2521 videtur
692 2478 966 2522 coniunctivo
1003 2479 1148 2522 inesse
1201 2478 1391 2532 quaesiti
1437 2479 1603 2532 aliquid
1648 2483 1695 2523 et

146 2546 347 2590 affectati
395 2560 477 2601 quo
535 2548 724 2601 scriptor
771 2561 796 2591 a
840 2549 1100 2603 primigenia
1151 2549 1369 2592 scribendi
1407 2549 1695 2604 simplicitate

145 2617 441 2670 communique
473 2620 717 2662 ceterorum
749 2619 1059 2663 consuetudine
1090 2619 1220 2674 longe
1249 2619 1430 2663 recedat
1449 2619 1495 2672 1).

271 2745 298 2790 ¹)
324 2745 365 2780 In
392 2745 595 2782 miserrima
619 2747 794 2782 librorum
820 2746 1037 2791 scriptorum
1064 2746 1274 2783 condicione
1307 2747 1498 2792 utriusque
1531 2748 1625 2793 quod
1657 2748 1694 2785 in

148 2813 297 2838 censum
321 2804 423 2839 venit
449 2805 569 2849 operis
587 2805 804 2841 Varroniani
830 2815 910 2840 cum
935 2804 1108 2840 iudicium
1125 2808 1290 2840 nostrum
1307 2805 1386 2842 fere
1403 2811 1520 2842 totum
1537 2807 1696 2852 pendeat

147 2872 191 2897 ex
214 2861 285 2898 fide
312 2872 418 2905 quam
443 2873 658 2908 unoquoque
683 2864 761 2899 loco
788 2864 951 2899 codicum
985 2864 1189 2908 scripturae
1213 2864 1416 2901 habendam
1441 2875 1522 2902 esse
1548 2876 1694 2903 censea-
