1787 3043
123 141 173 180 72
675 148 878 175 PRAEPos.
915 148 1009 175 CAP.
1034 147 1095 174 IV.

120 263 176 303 acl
197 263 357 302 coitum.
401 260 482 309 IV,
508 261 608 301 831:
635 264 761 300 facere
784 258 981 298 advitam
1010 284 1051 288 -—
1080 276 1179 312 quae
1191 259 1309 313 foret
1331 274 1439 299 usus.
1483 258 1547 308 ΙΙ,
1572 261 1648 299 20:

121 342 345 381 corpoream
367 328 422 367 ad
442 331 630 366 :caturam
653 343 777 380 pauca
798 330 977 366 videmus
1001 341 1097 378 opus
1120 341 1214 366 esse.
1249 327 1329 376 VI,
1355 328 1457 367 365:
1483 343 1652 380 quorum

120 404 334 448 utrumque
363 409 459 446 opus
489 398 547 434 est
562 394 819 449 fabricanda
843 394 898 432 ad
911 394 1102 447 fulmina
1124 398 1232 435 nubi.
1275 394 1313 444 Ι,
1340 395 1438 434 750:
1471 397 1577 447 quod
1600 394 1655 433 ad

119 478 256 504 sensus
278 466 431 503 nostros
452 466 661 503 minimum
685 478 766 502 esse
788 465 959 501 videtur.
1005 461 1094 511 ΙΙΙ,
1119 463 1220 503 397:
1251 469 1311 503 est
1333 465 1487 502 animus
1516 487 1556 491 —
1586 466 1654 502 do-

120 534 337 572 minantior
373 529 428 568 ad
460 529 581 569 vitam
615 544 731 584 quam
766 529 824 568 ris
857 532 1014 569 animai.
1057 529 1119 579 ΙΙ,
1152 531 1280 570 1027:
1319 533 1492 570 difficilis
1529 554 1569 558 ——
1604 533 1653 569 ad

121 601 376 640 credendum.
412 596 468 646 V,
493 598 567 636 80:
593 597 788 648 moriyera
812 597 1023 651 adfremes
1045 598 1250 648 azeyendas
1272 604 1391 650 atque
1414 597 1649 637 animantis.

120 666 199 716 VI,
226 666 326 706 774:
364 668 482 715 aptas
517 689 559 693 —
594 664 648 703 ad
673 668 771 704 vitai
808 664 1016 703 rationem.
1061 664 1150 714 ΙΙΙ,
1177 667 1277 706 214:
1311 669 1369 705 nil
1397 669 1454 706 ibi
1483 668 1654 705 libatum

121 737 169 774 de
191 737 281 774 toto
304 747 466 785 corpore
489 747 624 772 cernas
646 732 701 770 ad
721 731 909 783 speciem,
940 735 998 772 nil
1020 732 1074 770 ad
1086 733 1263 783 pondus.
1308 732 1362 782 V,
1389 734 1488 773 569:
1522 736 1580 773 nil
1601 733 1655 772 ad

119 801 286 853 speciem
316 808 375 841 est
406 803 648 839 contractior
675 803 791 851 ignis.
834 798 923 848 ΙΙΙ,
949 800 1050 840 238:
1087 816 1159 840 nec
1186 806 1321 840 tamen
1348 804 1445 841 haec
1472 807 1533 841 sat
1561 806 1655 840 sunt

120 869 175 908 ad
194 882 349 908 sensum
372 873 516 908 cuncta
538 867 766 906 creandum.
812 881 853 906 v.
880 868 981 907 618:
1013 871 1044 907 si
1074 884 1154 908 non
1177 876 1285 908 certa
1307 871 1393 908 loca
1414 869 1469 907 ad
1488 881 1654 908 nascen-

121 938 213 976 dum
240 939 400 977 reddita
427 939 569 988 cuique
600 941 705 974 sunt.
749 933 836 983 ΙΙΙ,
862 935 963 974 833:
998 934 1053 974 ad
1082 936 1372 990 confligendum
1401 939 1655 977 venientibus

120 1008 297 1057 undique
340 1007 495 1044 Poenis.
544 1001 625 1051 VI,
650 999 752 1042 473:
801 1002 856 1041 ad
896 1002 1012 1042 nubis
1053 1004 1259 1054 auyendas
1299 1008 1428 1044 multa
1466 1008 1656 1045 videntur

120 1087 233 1124 posse
270 1095 310 1099 —
348 1086 596 1122 consurgere.
639 1069 720 1118 IV,
748 1071 849 1110 708:
887 1074 1132 1111 conveniunt
1165 1072 1221 1111 ad
1251 1086 1389 1112 sensus
1428 1097 1469 1101 —
1509 1086 1653 1112 omnes,

120 1138 176 1188 V,
203 1140 332 1178 1415:
357 1142 547 1178 immutat
568 1154 704 1178 sensus
734 1137 789 1176 acl
810 1137 990 1189 pristina
1019 1153 1208 1192 quaeque.
1254 1139 1334 1189 VI,
1359 1141 1402 1180 9:
1434 1140 1489 1180 ad
1508 1139 1656 1179 vietum

121 1223 220 1260 quae
241 1210 399 1258 flagitat
420 1222 525 1245 usus.

239 1271 548 1327 h)Sepa1-atim
581 1285 869 1312 commemoro
899 1272 1143 1314 locutiones
1175 1287 1277 1321 esse,
1308 1274 1502 1325 attinere,
1525 1276 1657 1327 perti-

120 1354 214 1380 nere
240 1341 295 1380 ad
321 1340 495 1394 aliquid.
540 1340 628 1389 HI,
655 1342 756 1380 830:
795 1344 866 1380 Nil
899 1345 1024 1394 igitur
1051 1359 1156 1382 mors
1188 1346 1245 1381 est
1276 1342 1331 1382 ad
1355 1356 1439 1382 ποθ.
1483 1357 1524 1382 v.
1551 1345 1653 1383 845:

119 1412 178 1449 nil
207 1415 341 1448 tamen
371 1411 429 1447 est
459 1408 514 1447 ad
534 1422 618 1447 nos.
662 1423 702 1447 v.
729 1409 830 1448 926:
864 1413 993 1450 multo
1021 1413 1147 1462 igitur
1167 1416 1337 1451 mortem
1359 1414 1490 1450 minus
1512 1410 1567 1450 ad
1588 1424 1657 1450 7208

117 1489 199 1515 esse
234 1478 508 1529 putandumst.
550 1489 592 1515 v.
619 1475 720 1515 972:
757 1480 906 1529 respice
942 1501 982 1505 -
1012 1494 1131 1530 quam
1164 1481 1222 1518 nil
1255 1478 1310 1517 ad
1341 1493 1411 1517 7203
1444 1484 1535 1518 ante
1569 1485 1658 1518 acta

116 1550 296 1584 vetustas
329 1546 521 1597 temporis
555 1547 707 1584 aeterni
730 1543 886 1597 faerit.
950 1559 990 1584 v.
1025 1547 1126 1585 850:
1169 1549 1371 1598 pertineat
1411 1571 1448 1574 -
1490 1550 1539 1586 ad
1573 1563 1655 1586 nos.

118 1610 200 1661 VI,
226 1612 306 1651 938
330 1625 417 1664 sq.:
456 1627 697 1664 quamquam
724 1611 874 1651 multas
902 1616 977 1653 11οο
996 1612 1178 1664 pertinet
1207 1614 1261 1653 ad
1289 1628 1349 1653 res
1371 1630 1544 1663 noscere,
1567 1631 1657 1654 cum

118 1683 256 1732 primis
289 1678 393 1718 hanc
421 1678 476 1717 ad
504 1692 583 1717 rem
618 1702 658 1708 —-
695 1679 837 1730 ipsam.
882 1679 970 1729 ΙΙΙ,
1003 1681 1104 1720 852:
1145 1685 1202 1721 nil
1231 1681 1285 1720 ad
1314 1696 1383 1721 7208
1417 1707 1457 1711 —
1492 1682 1654 1722 attinet».

118 1745 202 1796 IV,
228 1747 300 1785 29:
326 1749 433 1799 quod
463 1769 501 1775 —
531 1745 586 1785 ad
605 1746 677 1785 kas
700 1760 760 1785 res
783 1747 945 1786 attinet.

234 1814 453 1852 Adversum
489 1812 742 1853 adverbium
778 1818 845 1853 est
878 1814 932 1864 V,
967 1816 1098 1856 1319:
1148 1816 1356 1855 adversum
1389 1821 1656 1857 venientibus.

121 1879 393 1934 Praepositio
417 1879 499 1929 IV,
523 1882 626 1921 445:
659 1885 783 1922 labier
805 1882 1014 1922 adversum
1036 1882 1200 1922 nimbos.
1245 1883 1298 1933 V,
1324 1885 1425 1925 310:
1457 1885 1658 1924 Adversus

123 1957 287 1991 naturae
295 1947 473 2002 foedera
496 1952 584 1989 niti.

236 2017 342 2055 Ante
365 2015 616 2069 saepissime
645 2021 712 2056 est
735 2016 1007 2066 adverbium,
1041 2016 1101 2056 sie
1124 2017 1160 2067 Ι,
1188 2020 1287 2058 233:
1313 2026 1420 2059 aetas
1442 2023 1536 2059 ante
1556 2026 1656 2060 acta.

122 2100 162 2124 v,
190 2085 292 2124 234:
330 2087 424 2122 ante
457 2089 546 2124 acta
572 2090 715 2124 aetate.
759 2099 800 2124 V.
826 2086 927 2125 558:
966 2089 1060 2124 ambe
1087 2090 1166 2126 acti
1183 2084 1398 2140 temporis.
1440 2087 1529 2136 ΙΙΙ,
1555 2088 1654 2127 672:

124 2165 243 2203 super
264 2154 359 2190 ante
380 2157 509 2191 actam
531 2158 716 2193 aetatem.
759 2167 799 2191 v.
826 2153 928 2192 832:
954 2157 1047 2192 anae
1069 2160 1157 2194 acto
1187 2178 1226 2182 fl
1256 2160 1447 2208 tempore.
1493 2170 1533 2194 v.
1560 2157 1655 2196 935:

124 2223 208 2259 vita
236 2222 330 2257 ante
358 2224 456 2258 acta.
499 2218 536 2268 Ι,
563 2221 664 2259 292:
696 2223 868 2261 trudunt
895 2237 955 2261 res
983 2224 1090 2260 ante.
1136 2237 1175 2261 v.
1201 2223 1303 2262 429:
1338 2227 1456 2276 paulo
1484 2227 1658 2264 ostendi·

125 2304 212 2327 mus
243 2289 350 2325 ante.
394 2300 434 2324 v.
461 2287 561 2327 907:
593 2291 712 2340 paulo
743 2291 850 2341 quod
871 2291 1041 2329 diximus
1064 2293 1171 2329 ante.
1216 2290 1278 2340 ΙΙ,
1306 2291 1385 2330 764
1407 2294 1525 2344 paulo
1547 2295 1655 2331 alate.

125 2354 163 2404 Ι,
189 2355 268 2394 541
293 2357 337 2393 et
360 2353 414 2402 V,
440 2354 520 2393 338
543 2361 635 2395 ante
658 2359 742 2395 hac.
785 2356 822 2406 Ι,
848 2358 948 2396 858:
982 2363 1109 2397 testor
1130 2374 1189 2398 res
1211 2361 1305 2397 ante
1327 2362 1524 2411 probatas.
1566 2358 1656 2408 ΙΙΙ,

128 2423 229 2462 5381
255 2424 295 2461 ni
317 2424 461 2461 mirum
484 2427 530 2462 ut
552 2426 721 2463 diximus
745 2427 852 2463 ante.
897 2439 936 2464 v.
964 2426 1065 2464 852:
1097 2429 1191 2464 ante
1222 2429 1290 2478 qui
1312 2430 1472 2467 fuimus.
1533 2425 1658 2466 Simi-

128 2488 228 2529 liter
257 2503 297 2528 v.
324 2490 425 2528 868:
463 2505 591 2542 neque
624 2494 750 2531 hilum
786 2495 941 2533 differre
975 2496 1069 2531 ante
1102 2496 1184 2533 ullo
1220 2497 1340 2534 fuerit
1372 2498 1451 2534 iam
1479 2500 1659 2547 tempore

129 2563 257 2597 natus.
300 2555 387 2605 ΙΙΙ,
413 2557 492 2596 959
517 2571 580 2609 sq.
612 2564 703 2598 ante
731 2575 867 2611 quam,
899 2559 1013 2612 quod
1044 2559 1206 2613 legitur
1229 2561 1360 2601 etiam
1383 2561 1463 2611 VI,
1489 2563 1568 2602 170
1592 2577 1655 2615 sq.

129 2626 209 2664 901
234 2638 298 2676 sq.
322 2624 404 2664 463
428 2627 540 2674 (ante
567 2649 609 2653 —
638 2629 787 2678 quam).
831 2626 919 2676 III,
944 2628 1025 2667 972
1049 2642 1137 2680 sq.:
1170 2632 1319 2682 respice
1341 2633 1438 2671 item
1461 2646 1580 2682 quam
1601 2633 1659 2670 nil

130 2695 180 2731 ad
208 2708 279 2731 nos
310 2694 404 2729 ante
431 2697 519 2731 acta
539 2698 717 2734 vetustas
744 2699 935 2747 temporis
965 2699 1117 2736 aeterni
1144 2699 1283 2746 fuerit,
1318 2711 1434 2750 quam
1461 2700 1659 2738 nascimur

131 2761 241 2804 ante,
267 2757 318 2798 de
342 2773 423 2811 quo
448 2759 542 2799 loco
566 2759 663 2800 vide
686 2760 829 2802 Hand.
855 2762 1038 2802 Tursell.
1064 2762 1100 2812 I,
1125 2778 1165 2817 p.
1192 2765 1293 2804 395:
1317 2764 1657 2818 „Transponun-
