1833 3048
990 81 1039 116 78

259 214 509 258 inveniuntur,
541 217 669 249 tamen
689 210 736 249 ab
754 222 798 250 eo
820 222 896 249 non
911 210 1000 249 ficta
1029 212 1094 249 sed
1124 213 1274 261 linguae
1304 214 1470 251 rusticae
1501 214 1652 252 omnino
1683 226 1770 262 pro-

259 281 344 326 pria
373 279 486 317 fuisse
516 278 729 323 videantur,
760 278 882 315 velut:

249 341 494 397 faenisicia,
510 355 576 381 ae:
607 343 652 380 R.
675 344 721 381 R.
743 344 772 391 Ι,
796 346 845 380 47
862 347 900 381 et
916 346 981 389 49,
1001 348 1037 380 et
1057 338 1412 395 plunfaenisz'cia,
1434 355 1570 382 orum:
1594 346 1623 392 I,
1647 347 1708 392 17,
1725 348 1772 392 2;

346 412 395 458 II,
423 413 483 457 11,
508 412 551 457 ’7;
588 410 656 456 ΙΙΙ,
682 411 718 456 2,
743 412 779 455 6,
813 421 974 456 quorum
989 414 1191 457 utrumque
1220 421 1279 457 ap.
1312 409 1392 448 Col.
1425 431 1472 437 -
1497 410 1619 449 Gloss.
1653 411 1774 450 Labb.

342 472 588 514 ‘faenisicium
619 465 921 525 χορτοτομιά.’

259 538 536 593 mellificium:
568 543 613 580 R.
646 543 690 579 R.
722 542 791 588 ΙΙΙ,
818 544 878 588 16,
906 544 953 578 14
983 546 1020 579 et
1050 542 1121 588 273
1154 542 1205 579 id.
1237 553 1295 589 ap.
1328 542 1407 580 Col.

261 606 488 660 opzficz'um:
533 609 579 646 R.
610 609 655 646 R.
686 607 755 651 III,
783 610 842 653 16,
867 609 938 654 2ος
973 612 1043 645 sat.
1074 607 1121 645 fr.
1145 610 1221 646 342
1254 609 1320 654 (R.
1348 611 1435 655 177,
1460 610 1515 653 5),
1548 609 1647 657 quod
1675 610 1777 648 idem

344 671 536 712 Pauclser
565 674 739 711 Addend.
770 686 803 721 p.
839 675 889 710 57
920 685 965 712 ex
996 674 1127 712 Chalc.
1158 676 1195 712 in
1227 675 1319 712 Tim.
1352 676 1430 712 258
1463 670 1666 722 ‘corporeis
1697 677 1776 723 opi-

343 736 445 779 ficiis’
466 741 651 787 enotavit;
683 740 804 778 Gloss.
827 740 947 778 Labb.
973 737 1174 787 ‘opificium
1196 741 1446 791 ἑργοποιῖας
1468 735 1777 792 χειροτεχνιά’.

262 804 559 859 *spicileqiwm
592 807 637 844 R.
668 805 716 843 R.
747 807 775 853 Ι,
800 808 872 853 53;
904 807 949 844 L.
981 807 1025 844 L.
1058 807 1143 855 VII,
1168 809 1256 845 109.

400 875 460 911 Ex
492 873 670 910 familiari
701 883 874 909 sermone
905 873 1142 921 desumptum
1171 875 1318 912 videtur
1349 886 1383 912 v.
1415 870 1777 926 *vitodimperatorz

263 940 355 978 Rer.
387 940 488 977 hum.
512 939 574 976 lib.
597 938 671 976 XX
703 937 782 985 (ap.
814 939 912 976 Non.
940 941 1026 985 142,
1052 937 1096 989 5)
1127 934 1180 977 ‘In
1211 942 1389 978 conviviis
1420 942 1483 988 qui
1511 946 1598 979 sunt
1617 942 1780 979 instituti

262 1007 418 1053 potandi
452 1000 812 1052 modimperatores'.
961 1059 981 1108 ἓ

1014 1062 1077 1098 32.

376 1138 419 1175 In
449 1138 653 1176 verborum
691 1138 984 1184 compositorum
1024 1139 1143 1185 copia,
1181 1140 1350 1185 exceptis
1393 1140 1438 1177 iis
1476 1150 1636 1187 quorum
1679 1141 1783 1187 prior

266 1215 356 1252 pars
389 1209 447 1243 est
476 1205 722 1251 praepositio,
755 1214 978 1251 quamquam
999 1204 1212 1242 Varronem
1243 1205 1447 1252 quidquam
1480 1217 1637 1245 novasse
1667 1217 1782 1254 nega-

268 1281 361 1317 mus,
394 1276 519 1308 tamen
552 1274 763 1309 memoratu
794 1270 909 1318 digna
939 1275 1027 1308 sunt
1057 1282 1113 1318 ea,
1156 1283 1252 1319 quae
1293 1283 1339 1309 ex
1370 1271 1516 1311 duobus
1544 1273 1669 1311 verbis
1706 1276 1784 1310 tam

263 1338 350 1374 laxe
380 1338 589 1384 composita
618 1342 716 1385 sunt,
749 1341 791 1375 ut
821 1338 918 1377 duae
948 1338 1053 1376 verbi
1083 1343 1212 1386 partes
1243 1338 1318 1376 alio
1349 1338 1531 1378 vocabulo
1560 1339 1785 1387 interposito

264 1402 505 1450 dirimantur,
537 1404 660 1441 velut:

266 1480 411 1506 consue
441 1480 589 1518 quoque
608 1464 806 1520 faciunt:
848 1469 894 1508 R.
926 1471 972 1509 R.
1002 1471 1050 1519 Π,
1075 1472 1110 1517 9,
1138 1471 1208 1518 13;
1259 1467 1442 1508 θθεσαπάε
1479 1483 1537 1510 me
1566 1467 1782 1523 fecerunt:

351 1536 396 1574 R.
429 1535 475 1574 R.
509 1537 576 1580 III,
597 1539 634 1583 4,
662 1541 703 1584 1;
728 1533 923 1589 perferte
952 1539 1005 1575 ita
1025 1533 1106 1588 fit:
1138 1537 1184 1574 R.
1206 1537 1252 1575 R.
1284 1538 1312 1583 Ι,
1338 1539 1372 1581 9,
1394 1539 1430 1575 2.
1477 1538 1597 1585 Quam
1627 1538 1786 1577 eandem

347 1601 549 1640 verborum
571 1605 722 1651 tmesin,
746 1615 857 1651 quam
879 1605 1020 1646 dicunt,
1052 1603 1205 1641 admisit
1235 1603 1331 1643 Cato
1354 1603 1399 1641 R.
1424 1603 1469 1640 R.
1496 1607 1582 1652 157,
1618 1606 1640 1643 9
1660 1602 1786 1656 serve

350 1668 445 1706 bene
465 1658 617 1715 facita,
646 1680 808 1716 quocum
830 1670 1049 1708 cf.Lucret.
1084 1672 1119 1716 6,
1144 1671 1220 1707 962
1254 1659 1356 1708 ‘facit
1385 1664 1475 1719 are',
1507 1681 1580 1717 quo
1611 1672 1785 1719 exemplo

351 1736 463 1773 nixus
492 1730 738 1772 Lachmann
767 1737 860 1774 alias
892 1737 1073 1775 eiusmodi
1102 1736 1241 1775 formas
1271 1737 1423 1774 diremit
1453 1738 1510 1781 (in
1532 1737 1685 1775 Luci-et.
1715 1737 1784 1784 III,

353 1802 463 1849 906).
523 1801 631 1840 Hanc
662 1803 787 1840 laxam
817 1803 1073 1841 membrorum
1105 1804 1405 1842 coniunctionem
1445 1815 1518 1841 non
1555 1804 1652 1841 male
1695 1805 1788 1841 mihi

354 1863 503 1905 videtur
532 1870 736 1916 explicasse
769 1865 929 1907 Deeelce
960 1870 1119 1915 (Facere
1150 1882 1186 1907 u.
1216 1870 1300 1908 fieri
1327 1874 1398 1909 ete.
1429 1882 1465 1917 p.
1498 1867 1603 1917 35).'
