1833 3048
795 82 853 137 ⁷273?

697 209 726 233 b:
746 209 946 234 FlaMiMNA,

779 276 867 326 ξε».

183 346 234 383 Ut
275 347 311 382 in
358 346 528 392 proximo
572 344 770 381 verborum
814 356 951 393 genere
998 346 1208 383 Varronem
1239 347 1389 384 nomina
1419 347 1456 384 in
1494 351 1575 383 -ειιε

72 412 284 449 desinentia
301 414 454 458 praeter
474 414 620 448 ceteros
641 411 822 447 amavisse
843 411 1049 458 docuimuS‚
1081 412 1133 448 sic
1162 411 1351 450 femininis
1381 412 1576 450 formatio-

75 477 182 515 nibus
222 478 267 515 iis
309 478 541 525 potissimum
581 477 731 524 linguae
781 477 925 524 copiam
979 477 1100 514 ditare
1153 478 1345 524 studebat,
1399 489 1493 525 quae
1540 479 1574 514 in

70 540 357 591 -tion-(-sion)
379 543 554 581 cadentia
574 554 596 579 a
625 542 748 579 verbis
777 543 959 590 originem
990 543 1129 581 ducunt
1160 554 1360 590 eorumque
1378 545 1410 580 vi
1441 545 1574 590 primi-

71 610 147 645 tiva
177 610 230 646 ita
270 611 485 654 induuntur.v
532 614 574 646 ut
615 609 805 646 notionem
855 610 990 659 agendi
1035 622 1127 657 prae
1164 621 1202 647 se
1242 610 1376 648 ferant.
1437 610 1578 656 Quibus

71 676 260 713 ¹simillima
307 681 395 714 sunt
431 676 663 713 substantiva
701 676 737 712 in
772 680 885 711 -lura
916 678 1103 720 exeuntia,
1144 688 1239 722 quae
1282 680 1461 723 quantum
1500 676 1576 723 pri-

72 743 181 778 mitus
211 742 258 779 ab
288 743 361 779 illis
391 742 618 788 distulerint:
651 742 703 779 ita
736 752 778 779 ex
800 741 989 779 hominum
1015 744 1192 779 memoria
1216 743 1364 779 videtur
1380 742 1576 784 excidisse,

70 812 107 843 nt
141 819 254 855 saepe
285 808 332 845 ab
364 808 492 845 eadem
521 809 638 854 stirpe
668 808 860 854 utriusqu
890 810 1039 855 generis
1069 809 1222 845 nomina
1261 810 1342 845 sine
1381 808 1457 845 ullo
1496 806 1576 844 fere

73 875 357 922 significationis
377 875 590 912 discrimine
607 875 884 919 derivarentur,
916 874 1019 911 velut
1048 870 1578 918 admissio-admissarm

72 937 192 977 fultio
204 961 255 967 —
270 938 434 977 cultura
444 953 456 987 ;
472 938 659 978 ‹zm-vatio
675 961 724 967 —
740 945 968 978 cui-'mtura
984 954 990 986 ς
1007 937 1144 977 cursio
1157 960 1202 965 ο-
1219 952 1392 976 cursura
1407 944 1477 977 etc.
1509 938 1579 976 Est

69 1012 191 1044 autem
222 1008 349 1044 nativa
380 1008 481 1044 inter
509 1008 602 1044 haec
632 1008 703 1044 duo
735 1007 950 1045 differentia
966 1006 1071 1052 haec,
1090 1011 1143 1049 ut,
1162 1017 1242 1043 cum
1261 1005 1406 1043 formae
1427 1002 1574 1043 in-tiou

70 1073 285 1110 desinentes
332 1072 436 1109 verbi
489 1074 679 1110 actionem
728 1074 841 1110 semel
886 1072 1024 1110 factam
1062 1073 1251 1115 indicent,
1297 1071 1429 1110 suffixo
1465 1076 1575 1108 -tura

69 1150 151 1176 vam
183 1140 320 1176 iterun]
352 1140 410 1176 vol
441 1143 659 1176 constanter
688 1138 769 1177 fieri
801 1140 1046 1187 exprimatur.
1096 1139 1221 1185 Atque
1253 1150 1297 1176 ex
1326 1139 1397 1176 hac
1417 1138 1577 1176 iterandi

68 1205 340 1253 significatione
370 1206 469 1242 haud
499 1217 588 1243 raro
617 1207 740 1243 oritur
770 1206 874 1242 notio
906 1205 1073 1241 muneris
1104 1205 1158 1241 vel
1189 1204 1302 1242 officii
1332 1205 1396 1247 ita,
1427 1208 1468 1242 ut
1489 1216 1577 1240 (sen-

67 1283 167 1306 sura
210 1273 259 1308 sit.
296 1283 428 1309 munus
460 1273 649 1309 censentis
680 1274 702 1309 i.
736 1284 767 1308 e.
800 1272 985 1315 censoris3
1013 1268 1179 1321 pictura
1221 1283 1352 1307 munus
1389 1272 1578 1318 pingentis

68 1338 76 1372 i
128 1349 156 1372 e.
188 1338 357 1384 pictoris.
417 1337 597 1375 Suffixum
630 1341 757 1375 autem
771 1341 881 1373 —tnra
912 1348 934 1373 a
966 1342 1047 1373 -tor
1076 1336 1261 1384 proficisci
1300 1338 1422 1374 solere
1451 1348 1577 1384 quam-

69 1414 178 1449 quam
229 1405 321 1440 satis
362 1406 462 1440 inter
504 1416 633 1442 omnes
683 1409 848 1442 constat.
902 1409 1028 1442 tamen
1070 1405 1141 1441 iain
1187 1403 1455 1450 antiquissimis
1509 1403 1580 1440 lin·

68 1480 163 1515 guae
201 1470 340 1507 latinae
371 1470 602 1517 temporibus
643 1471 735 1507 illud
765 1482 832 1518 per
875 1481 914 1507 se
954 1471 1075 1517 ipsum
1121 1481 1166 1507 ex
1220 1469 1399 1516 stirpibus
1449 1469 1582 1507 verba-

69 1537 166 1572 libus
207 1537 442 1575 substantiva
473 1535 622 1574 finxisse
658 1537 744 1574 inde
775 1535 948 1581 efficitur,
981 1536 1081 1582 quod
1113 1536 1212 1573 liaud
1246 1547 1370 1582 pauca
1400 1534 1580 1573 vocabula

68 1604 103 1637 in
142 1607 253 1639 —tura
290 1605 467 1640 exeuntia
496 1607 646 1649 extant,
697 1603 831 1650 quibus
870 1602 1034 1640 eiusdem
1078 1602 1205 1648 stirpis
1243 1601 1384 1639 formae
1415 1603 1451 1638 in
1502 1606 1583 1638 -tor

70 1670 104 1704 in
153 1669 303 1716 linguae
343 1669 482 1707 latinae
527 1670 656 1716 copia,
698 1680 807 1716 quam
850 1681 920 1706 nos
959 1669 1106 1716 quidem
1148 1669 1339 1712 novimus(
1390 1678 1462 1704 non
1505 1678 1580 1705 res-

69 1735 273 1781 pondeant,
306 1736 407 1772 velut
437 1740 674 1782 armatura,
706 1746 891 1780 caesura,
924 1732 1110 1781 mistura,
1144 1746 1274 1770 usura
1305 1738 1339 1772 et
1371 1734 1458 1776 alia,
1487 1744 1580 1781 quae

75 1802 245 1839 enotavit
266 1797 315 1837 L.
342 1796 484 1852 Meyer
505 1803 634 1849 Vergl.
660 1801 826 1839 Gramm.
857 1802 890 1838 11
922 1812 958 1847 p.
993 1803 1086 1838 352.
1148 1801 1340 1838 Interdum
1364 1802 1416 1845 fit,
1440 1804 1481 1837 ut
1518 1799 1579 1836 ubi

72 1874 231 1916 utraque
283 1868 404 1906 forma
446 1869 657 1914 invenitur,
706 1869 828 1906 altera
867 1869 903 1904 in
948 1873 1026 1903 —tor
1066 1867 1241 1903 desinens
1286 1878 1367 1903 cum
1418 1865 1577 1903 fortasse

70 1937 105 1971 in
154 1935 284 1981 lingua
330 1935 470 1981 vulgari
512 1935 697 1980 extiterit,
743 1936 779 1971 in
819 1936 1030 1972 lit-terarum
1076 1935 1327 1971 monumentis
1376 1944 1448 1969 non
1490 1936 1580 1969 ante

70 2001 233 2039 infimam
264 2002 414 2049 linguae
443 2002 583 2038 latinae
612 2004 772 2038 aetatem
804 2005 989 2041 occurrat,
1022 2000 1144 2037 altera
1180 2011 1273 2046 quae
1303 2000 1339 2036 in
1363 2003 1476 2035 -τιινα
1505 2000 1579 2035 exit

68 2069 123 2104 rei
152 2067 324 2115 publicae
357 2066 589 2114 temporibus
634 2067 817 2104 communi
850 2068 885 2103 in
935 2078 1003 2103 usu
1052 2066 1175 2111 fuerit,
1226 2066 1325 2103 velut
1373 2059 1581 2101 admissor

68 2132 277 2177 mactant.)
319 2153 370 2158 —
409 2128 646 2169 admissura
691 2115 861 2182 (Varr.)';
893 2131 1048 2169 vinctor
1079 2130 1258 2180 (Arnob.)
1302 2153 1347 2158 —-
1391 2129 1581 2168 vinctura

71 2198 238 2247 (Varr.);
265 2210 421 2250 pensor
451 2200 687 2246 (Augustin.)
718 2219 767 2226 ——
798 2209 981 2249 pensum
1025 2198 1190 2246 (Varr.).
1250 2199 1321 2236 Sed
1354 2209 1400 2235 ne
1434 2198 1581 2245 longius

70 2279 91 2303 a
136 2266 331 2312 proposito
371 2265 601 2309 aberremus,
641 2265 687 2302 ad
725 2265 932 2303 Varronem
973 2267 1173 2305 redeamus
1211 2270 1249 2303 et.
1289 2275 1383 2312 quae
1422 2266 1459 2301 in
1503 2263 1580 2301 eius

68 2333 174 2370 libris
205 2331 440 2369 substantiva
469 2330 604 2369 suffixo
635 2329 733 2368 -tion
756 2329 901 2382 (asion)
931 2332 1164 2370 conformata
1194 2332 1367 2378 legantur
1395 2340 1579 2368 memora·

69 2399 159 2436 bilia
207 2409 486 2444 persequamur.
557 2399 611 2435 Ae
668 2399 826 2445 primum
869 2398 1016 2444 quidem
1071 2409 1205 2435 moneo
1254 2397 1434 2435 nonnulla
1470 2396 1580 2434 huius

69 2475 216 2510 quoque
247 2464 375 2501 classis
404 2464 584 2502 vocabula
605 2465 642 2501 in
674 2464 781 2502 libris
812 2466 858 2503 de
874 2466 917 2503 L.
936 2465 980 2502 L.
999 2467 1147 2513 scriptis
1176 2465 1262 2512 legi,
1293 2476 1386 2511 quae
1415 2474 1498 2501 cum
1527 2463 1581 2499 ita

68 2535 109 2566 ut
138 2530 372 2567 substantiva
399 2531 435 2567 in
468 2535 549 2567 -tus
578 2533 775 2578 veriloquii
805 2543 920 2569 causa
949 2544 971 2570 a
988 2532 1161 2570 Varrone
1191 2531 1440 2569 adhibeantur
1460 2540 1579 2576 neque

68 2597 168 2643 apud
197 2597 308 2634 alium
341 2598 564 2644 scriptorem
596 2599 710 2635 ullum
743 2604 955 2644 occurrant,
989 2602 1127 2635 novata
1157 2608 1239 2634 esse
1269 2608 1291 2634 a
1325 2601 1454 2634 nostro
1484 2596 1578 2633 iudi-

68 2672 206 2699 cemus.
266 2664 350 2701 Huc
381 2668 575 2710 spectant:

73 2723 276 2765 *eubalim
310 2729 351 2766 L.
384 2729 426 2765 J..
461 2729 562 2777 Vll}z
598 2732 644 2766 54
682 2719 711 2766 'a
745 2730 944 2767 cubatione
979 2725 1211 2769 cubiculum'.
