1833 3048
787 64 1078 100 „67—

156 185 303 235 spectet
339 180 435 223 ϊιῗῑῖα
462 214 469 221 .
497 213 504 221 .
531 213 537 221 .
572 193 673 222 were
711 179 756 221 in
789 178 969 221 convalli
1001 193 1102 221 eam
1133 183 1170 221 et
1202 182 1256 221 ut
1282 179 1427 232 potius
1459 179 1509 222 in
1540 179 1710 221 sublimi

158 252 241 293 loeo
273 250 480 304 aedifices,
515 251 560 290 et
593 247 660 291 VI
695 252 746 287 56
779 249 910 293 Heme
944 247 1206 304 Chrysippus
1244 253 1367 304 nequi
1401 249 1514 304 loqui
1556 250 1626 291 sed
1663 253 1712 291 ut

158 322 294 376 loque)
340 319 412 373 qui
454 331 556 361 usus
601 330 654 360 ex
685 317 908 361 Ciceronis
952 317 1128 371 scriptis
1172 317 1284 360 satis
1330 320 1459 361 notus
1501 321 1583 366 est,
1632 317 1709 360 cfr.

159 391 345 433 Kiihner
392 403 431 442 p.
471 391 640 441 1045‚4.
706 387 895 441 Seyffert
943 387 999 430 ad
1036 388 1125 431 Cic.
1160 388 1282 430 Lael.
1327 401 1366 441 p.
1403 392 1500 430 387.
1564 387 1710 431 Madv.

157 461 212 503 ad
246 460 335 504 Cic.
370 460 466 503 Fin.
501 460 552 502 II
586 464 651 500 25.
716 457 863 500 Hofm.
898 457 954 500 ad
987 457 1077 500 Cic.
1112 459 1222 512 Epp.
1256 459 1281 501 Ι
1312 471 1351 512 p.
1391 463 1484 499 112.

275 531 344 572 Ex
376 530 508 573 verbo
540 528 716 583 passivo
751 528 805 571 ad
839 528 1026 571 alteram
1069 528 1318 571 sententiae
1360 533 1532 582 partem
1574 529 1712 573 forma

157 602 309 645 activa
371 599 678 643 transferenda
731 602 801 642 est
847 599 923 641 III
969 603 1035 653 3‚5
1074 633 1080 640 .
1118 635 1123 641 .
1167 602 1360 654 piscinae
1418 602 1557 644 dulces
1607 601 1713 656 fieri

160 678 321 728 coeptae
354 678 390 715 et
425 689 444 715 e
467 672 732 728 fluminibus
765 676 903 726 captos
934 672 1116 726 recipere
1148 673 1202 714 ad
1233 688 1275 715 se
1302 674 1452 726 pisces.
1507 672 1578 713 An
1612 671 1713 714 scri-

157 742 342 785 bendum
374 758 562 798 recepere
595 754 688 784 cnm
719 739 868 783 Keilio
901 744 1084 794 accepta
1118 741 1322 784 editionis
1355 741 1547 784 Aldinae
1580 742 1712 795 scrip-

158 812 288 856 tura?

789 988 957 1041 Caput
993 989 1081 1031 ΠΙ.

563 1070 636 1114 De
669 1069 994 1114 collocatione
1026 1070 1311 1114 verborum.

874 1164 898 1220 g
933 1169 999 1206 51.

280 1248 349 1289 De
383 1246 611 1289 verborum
645 1245 931 1288 collocatione
965 1258 1057 1288 cum
1091 1246 1253 1288 nostris
1286 1246 1376 1289 fere
1406 1247 1573 1290 demum
1608 1250 1714 1290 tem-

159 1319 334 1372 poribus
375 1316 624 1360 accuratius
665 1316 815 1369 quaeri
854 1319 1052 1369 coeptum
1092 1315 1163 1366 sit,
1205 1317 1354 1359 mirum
1397 1322 1605 1370 quantum
1646 1319 1716 1362 vel

161 1389 213 1431 de
246 1389 300 1431 iis
332 1389 460 1431 rebus
484 1387 638 1440 quibus
671 1387 796 1440 quasi
827 1386 1122 1429 fundamentis
1155 1390 1253 1429 tota
1277 1388 1520 1442 disputatio
1542 1388 1714 1443 nititur,

164 1459 363 1503 diversae
387 1457 637 1502 sententiae
670 1462 802 1510 atque
832 1458 940 1500 adeo
973 1458 1102 1511 plane
1134 1458 1250 1501 inter
1272 1472 1318 1501 se
1350 1463 1598 1514 pugnantes
1620 1474 1716 1514 pro-

163 1530 285 1572 latae
317 1528 419 1572 sint.
489 1529 586 1584 Qua
628 1541 675 1570 re
712 1532 762 1570 ut
800 1528 975 1571 videtur
1013 1529 1214 1571 commoti
1254 1529 1429 1573 fuerunt
1468 1531 1539 1583 qui
1582 1557 1629 1562 -
1668 1533 1717 1573 ut

167 1612 314 1643 omnes
351 1599 550 1642 nimirum
589 1598 888 1641 dubitationes
930 1598 1125 1642 funditus
1168 1600 1375 1643 tollerent
1413 1629 1467 1633 —
1507 1601 1716 1655 imprimis

176 1669 502 1714 vetustissimos
520 1682 710 1722 quosque
734 1672 934 1711 auctores
958 1669 1160 1723 deinceps
1182 1671 1503 1724 perlustrantes
1521 1673 1717 1727 singulas

169 1755 239 1784 res
273 1741 330 1783 ad
361 1742 590 1784 verborum
630 1740 822 1782 ordinem
868 1740 1140 1793 pertinentes
1172 1754 1441 1785 numerorum
1472 1743 1717 1787 rationibus

169 1812 473 1866 exprimerent.
537 1812 654 1854 Prae
687 1810 845 1853 ceteris
878 1813 1025 1853 autem
1057 1813 1367 1866 grammaticos
1400 1813 1556 1857 allexit
1588 1815 1716 1858 attri—

164 1882 262 1926 buti
287 1882 516 1925 collocatio
539 1881 583 1924 in
615 1894 700 1934 qua
728 1881 1007 1934 disquirenda
1040 1895 1246 1926 summam
1275 1896 1449 1938 operam
1477 1886 1717 1939 complures

168 1953 457 1996 contulerunt.
531 1954 627 1996 Nec
669 1955 817 1995 tamen
859 1952 1027 1995 fructus
1069 1959 1118 1995 ut
1160 1953 1264 1996 mihi
1307 1958 1426 1997 certe
1467 1956 1606 1999 visum
1648 1961 1718 2000 est

166 2025 360 2067 laborem
393 2023 615 2076 aequavit,
656 2023 733 2065 sed
772 2022 869 2065 dum
908 2023 1183 2067 dissecantur
1224 2025 1307 2068 tali
1346 2026 1487 2080 modo,
1528 2040 1608 2080 quo
1640 2028 1717 2070 isti

167 2095 234 2137 usi
265 2098 381 2144 sunt,
416 2093 626 2136 orationis
658 2092 917 2146 particulae,
951 2093 1066 2137 vires
1106 2108 1156 2137 ac
1194 2096 1290 2139 Vita
1332 2109 1385 2139 ex
1415 2097 1592 2152 linguae
1625 2111 1718 2141 cor-

169 2177 272 2218 pore
304 2165 434 2217 plane
466 2167 757 2207 excesserunt.
819 2165 935 2206 Nam
967 2168 1016 2207 ut
1049 2165 1217 2208 omnino
1256 2167 1511 2220 scriptorum
1543 2169 1718 2222 propria

169 2235 342 2278 dicendi
375 2234 639 2278 consuetudo
672 2247 801 2287 quam
833 2235 1017 2278 maxime
1049 2236 1142 2278 fieri
1163 2238 1326 2290 poterit
1358 2238 1425 2280 ita
1457 2238 1718 2292 explicanda

172 2309 242 2348 est
273 2309 322 2348 ut
355 2318 409 2348 ex
439 2305 575 2358 ipsius
611 2305 797 2348 hominis
835 2305 979 2349 indole
1013 2310 1057 2348 et
1089 2308 1276 2350 moribus
1309 2320 1442 2350 causa
1474 2312 1716 2362 repetatur,

169 2376 232 2418 sic
264 2378 369 2418 tunc
401 2374 686 2429 potissimum,
726 2388 820 2418 cum
858 2376 1070 2431 singulari
1107 2377 1279 2420 ratione
1310 2379 1446 2421 verba
1479 2383 1557 2422 aut
1589 2380 1718 2423 collo-

167 2445 288 2489 cavit
320 2448 398 2488 aut
431 2445 714 2490 collocavisse
746 2446 931 2501 videtur,
956 2460 1208 2500 unoquoque
1240 2448 1332 2491 loco
1365 2449 1516 2502 quaeri
1540 2449 1716 2493 debebit

172 2528 253 2568 quo
287 2515 466 2559 consilio
498 2516 611 2559 hunc
642 2516 833 2559 ordinem
865 2516 930 2560 illi
961 2518 1234 2571 praetulerit.

282 2586 554 2629 Praesertim
586 2612 641 2617 —
677 2589 723 2630 ut
756 2587 812 2630 ad
834 2589 1075 2633 Varronem
1098 2593 1321 2632 transeam
1354 2615 1409 2620 -—
1441 2591 1485 2633 in
1512 2591 1718 2635 librorum
1777 2622 1779 2624 -

168 2656 220 2698 de
253 2656 280 2698 l.
313 2657 341 2699 l.
376 2657 438 2699 eis
470 2657 669 2710 partibus
708 2657 753 2701 in
785 2658 939 2711 quibus
972 2660 1024 2702 de
1046 2659 1352 2703 vocabulorum
1385 2660 1622 2715 originibus
1645 2675 1717 2705 ex-

169 2726 346 2780 ponitur
376 2740 461 2770 non
483 2728 618 2770 solum
641 2731 893 2771 structurae
917 2734 962 2771 et
993 2729 1157 2772 formae
1181 2731 1407 2773 verborum
1439 2732 1720 2775 inveniuntur

170 2810 196 2838 a
238 2797 544 2842 Varronianae
587 2799 749 2842 aetatis
785 2799 876 2843 sive
919 2799 1086 2842 omnino
1130 2813 1156 2842 a
1198 2801 1374 2856 linguae
1411 2802 1603 2845 Latinae
1640 2815 1720 2846 usu

170 2865 382 2919 diversae,
427 2881 565 2920 paene
607 2869 727 2911 dicas
769 2869 1014 2923 inauditae,
1075 2871 1150 2913 sed
1194 2870 1328 2913 etiam
1368 2872 1413 2914 in
1455 2872 1720 2917 collocandis

1464 2953 1507 2987 5*
