1833 3048
756 32 1047 69 „22-

121 188 211 217 ‘non
243 173 378 215 solnm
409 172 464 214 ad
495 172 686 214 eonsules
717 176 755 213 et
786 184 975 213 censores
1006 170 1221 212 sedetiam
1243 174 1504 221 quaestores;
1536 168 1604 212 VI
1627 171 1678 208 97

122 244 170 286 de
202 243 391 285 oratione
421 242 558 284 soluta
589 242 672 283 dno
711 264 770 269 —
807 239 900 281 scil.
934 239 1067 281 libros
1099 263 1174 292 —,
1210 241 1375 293 poetica
1407 254 1543 283 unum
1575 240 1680 290 etc.;

125 311 202 354 cfr.
235 311 354 353 Keil.
390 309 446 352 ad
478 310 526 352 H
563 313 606 363 1,
642 313 708 351 22.

243 391 514 435 Praesertim
545 394 646 444 post
678 391 775 434 adv.
816 394 950 439 item,
992 402 1072 442 quo
1105 390 1353 443 plerumque
1386 391 1506 431 certe
1537 388 1682 441 paullo

124 462 268 506 laxius
307 461 670 504 antecedentibus
710 461 828 503 aliud
872 461 1107 502 membrum
1151 459 1423 513 adiungitur,
1467 471 1552 501 non
1583 459 1683 512 poni

124 534 237 576 solet
270 531 559 586 praepositiO,
595 531 671 574 cfr.

241 614 319 658 ΙΙΙ
362 619 405 669 9,
454 618 503 655 17
550 630 645 658 cum
681 616 877 669 psittacis
921 629 969 657 ae
1010 614 1185 656 merulis
1217 614 1340 667 albis,
1384 614 1479 656 item
1510 613 1609 656 aliis
1644 613 1686 655 id

121 702 259 743 qemi-S·
290 688 412 730 rebus
442 686 690 738 intestatis,-

240 768 318 810 ΠΙ
353 771 416 820 10,
453 771 477 807 4
503 767 751 823 producam
781 768 831 810 in
859 771 998 819 prata,
1032 767 1130 808 item
1155 767 1351 817 piscinas
1383 770 1459 808 (ortt
1481 766 1685 818 paludes,-

243 850 320 892 IX
353 853 404 890 47
440 865 517 893 eur
547 850 745 892 mali-mus
776 849 923 892 habere
955 850 1075 892 lectos
1107 849 1213 891 alios
1245 863 1296 891 ex
1329 849 1462 899 ebore,
1495 848 1602 891 alios
1635 862 1686 890 ex

125 923 345 975 testudine,
379 922 440 964 sic
470 921 569 964 item
596 935 748 976 yenere
780 921 920 970 awh'qno
953 920 1061 971 alio:

247 1003 316 1047 VI
351 1006 401 1043 78
529 1015 634 1054 quae
659 1003 782 1057 fimat
813 1003 927 1054 σιμαὶ
954 1002 1097 1056 fabros
1121 1002 1305 1052 pictores
1329 1002 1423 1044 item
1444 1001 1551 1044 alios
1581 1000 1680 1053 alia,

128 1073 204 1116 cfr.
237 1072 393 1116 Reiter
423 1085 463 1125 p.
500 1076 551 1112 23
585 1085 614 1114 n
649 1075 684 1111 1.

246 1155 411 1197 Tamen
458 1167 512 1196 ne
560 1153 855 1208 elegantiores
904 1152 1074 1205 quidem
1122 1151 1358 1205 scriptores
1405 1152 1535 1205 plane
1588 1151 1687 1194 abs-

128 1225 313 1267 tinuisse
360 1237 387 1266 a
433 1224 516 1266 tali
560 1224 784 1267 brevitate
833 1223 1111 1278 cognoscitur
1161 1235 1214 1265 ex
1259 1222 1366 1264 locis
1409 1235 1435 1264 a
1477 1222 1687 1264 Kiihnero

128 1309 167 1349 p.
209 1299 291 1335 422
332 1296 359 1337 b
398 1295 639 1350 congestis;
687 1294 803 1336 inter
843 1306 948 1346 quos
980 1293 1098 1336 haud
1139 1293 1227 1335 scio
1274 1306 1330 1335 an
1369 1292 1458 1335 sint
1496 1291 1690 1334 nonnulli

129 1378 234 1418 quos
277 1365 467 1408 editores
517 1365 610 1408 sine
658 1377 792 1408 causa
841 1365 961 1406 iusta
1010 1363 1299 1412 mutaverint,
1352 1362 1553 1415 quoniam
1604 1361 1689 1404 loci

129 1436 291 1489 prolati
322 1436 439 1478 haud
471 1435 598 1478 dubie
631 1448 677 1478 se
709 1438 890 1477 tuentur
922 1435 1037 1476 alter
1071 1434 1270 1476 alterum.

248 1531 491 1572 Praeterea
522 1542 625 1572 vero
658 1541 963 1581 nonnunquam
995 1527 1068 1570 ubi
1109 1527 1206 1581 plus
1249 1527 1329 1569 duo
1367 1526 1559 1568 membra
1592 1538 1688 1568 con-

130 1602 389 1655 iunguntur,
434 1601 579 1645 Varro
629 1599 675 1641 in
720 1599 960 1652 repetenda
1012 1597 1335 1651 praepositione
1384 1595 1558 1639 minime
1605 1595 1689 1639 sibi

131 1674 341 1714 constans
375 1674 456 1713 est.
519 1671 619 1713 Non
651 1669 846 1723 profecto
880 1669 974 1711 dico
1006 1670 1250 1713 Varronem
1292 1667 1468 1711 variare
1500 1673 1585 1709 non
1617 1679 1689 1720 po-

132 1742 272 1784 tuisse
304 1755 339 1784 e.
374 1755 415 1795 g.
449 1741 499 1783 11
535 1746 575 1794 1,
614 1745 664 1781 16
710 1743 866 1785 alteo-ae
899 1745 1046 1792 partes
1077 1745 1276 1791 quattuor
1317 1744 1438 1793 sunt,
1479 1755 1573 1782 cnm
1604 1740 1691 1782 iam

133 1815 301 1867 emeris,
336 1814 633 1866 observandae,
668 1813 716 1855 de
746 1812 962 1867 pastione,
1006 1812 1054 1854 (le
1091 1813 1251 1866 fetum,
1285 1811 1333 1853 de
1363 1811 1603 1863 nutricatu,
1642 1811 1692 1852 de

133 1886 315 1928 sanitate
347 1885 391 1924 et
423 1883 473 1925 ΙΙ
506 1886 550 1935 2,
588 1885 608 1922 7
650 1884 699 1926 de
735 1882 881 1925 alteris
919 1886 1118 1933 quattuor
1154 1882 1276 1924 rebus
1314 1881 1507 1931 deinceps
1538 1881 1687 1933 dicam,

133 1957 182 1998 de
205 1955 415 2008 pastione,
448 1956 604 2009 fetum,
638 1954 873 2006 nutricatu,
907 1949 1154 2002 samtate1);
1189 1949 1265 1992 Sed
1294 1962 1329 1992 e.
1366 1962 1406 2003 g.
1450 1950 1526 1992 ΠΙ
1562 1953 1627 2001 12,
1665 1954 1686 1989 5

132 2027 183 2069 in
214 2025 357 2068 Gallia
393 2025 667 2078 transalpina.
706 2028 742 2066 et
780 2023 1033 2066 Macedonia
1064 2023 1187 2076 fimat
1218 2021 1463 2076 permccfflzi,
1505 2022 1552 2064 in
1591 2021 1688 2063 His-

127 2096 269 2147 pavia
301 2099 336 2137 et
359 2096 409 2138 in
430 2095 561 2137 Italia
584 2095 809 2137 medioeres
831 2092 905 2135 vix
926 2091 1206 2144 intelligitur,
1242 2102 1315 2132 cur
1336 2089 1381 2132 in
1403 2089 1470 2132 bis
1493 2089 1689 2131 binorum

133 2164 421 2206 membrorum
452 2163 594 2216 priore
627 2162 723 2216 pari
755 2162 1124 2216 praepositionem
1155 2173 1241 2203 non
1262 2159 1534 2213 repetiverit,
1567 2171 1688 2212 repe-

134 2234 290 2277 tiverit
320 2234 365 2276 in
398 2233 557 2286 alter03
592 2237 746 2275 contra
778 2236 912 2285 atque
943 2231 994 2274 Π
1026 2236 1060 2281 1,
1087 2235 1153 2280 22,
1187 2231 1261 2273 ubi
1282 2230 1462 2285 legitur:
1499 2233 1690 2274 laborant

128 2311 302 2361 propter
333 2311 473 2349 aestus
505 2310 580 2349 aut
604 2310 778 2360 propter
815 2306 999 2360 Μίκωνα,
1039 2318 1116 2347 rneo
1146 2317 1237 2346 non
1269 2303 1394 2346 etiam
1421 2306 1592 2356 propter
1622 2301 1689 2344 ni-

135 2378 269 2419 mium
302 2377 481 2420 laborem
512 2380 587 2420 aut
619 2380 766 2419 contra
794 2376 960 2419 nullam
982 2374 1334 2426 exercitationem,
1367 2370 1452 2413 nisi
1474 2370 1587 2412 forte
1610 2369 1691 2411 hoc

136 2445 230 2488 loco
248 2445 500 2489 adverbium
519 2451 667 2490 eontra
682 2444 987 2498 interpositum
1011 2455 1144 2485 causa
1166 2440 1494 2485 inconstantiae
1518 2439 1613 2482 fuit.
1633 2463 1690 2469 —

263 2655 290 2699 1)
317 2654 444 2690 Priore
464 2655 558 2691 enim
576 2655 655 2690 loco
676 2665 756 2690 cum
774 2658 890 2689 totam
915 2653 1107 2689 materiam
1133 2652 1313 2697 disponat,
1339 2651 1376 2686 id
1402 2651 1491 2696 agit,
1517 2654 1559 2685 ut
1585 2660 1690 2693 quam

139 2712 369 2757 apertissime
405 2714 571 2759 singulae
604 2719 729 2758 partes
765 2713 1033 2756 discernantur3
1070 2712 1107 2746 in
1141 2711 1257 2746 altero
1290 2710 1482 2746 enuntiato
1517 2712 1690 2752 quattuor

137 2771 222 2806 illas
255 2781 314 2806 res
349 2771 511 2807 breviter
545 2773 632 2816 (iam
664 2772 757 2807 enim
793 2772 1042 2815 innotuerunt)
1074 2771 1110 2806 in
1143 2774 1300 2805 mentem
1333 2771 1481 2805 revocat
1513 2771 1551 2803 et
1587 2767 1690 2811 quasi

139 2839 209 2864 uno
237 2830 390 2865 termino
418 2830 681 2875 complectitur.
