1787 3043
590 147 857 175 COLLOCATIO
891 147 1140 176 VERBORUM.
1544 138 1622 177 155

103 266 260 315 penitus
299 262 458 301 veniens
496 264 671 314 Aegypti
714 264 849 300 finibu’
889 263 1049 300 morbus
1089 284 1128 289 ——
1169 265 1365 302 incubuit.
1420 277 1459 301 v.
1498 263 1626 301 1180:

101 333 248 382 quippe
286 329 471 380 stabenbia
512 346 600 368 cum
635 331 784 367 totiens
818 344 861 367 ac
895 331 1037 367 nuntia
1068 332 1207 368 mortis
1246 332 1396 369 lumina
1429 334 1629 369 versarent

101 400 318 436 oculorum.
372 411 412 435 v.
450 398 578 436 1189:
624 396 781 448 (sputa)
825 412 892 448 per
937 400 1063 435 fauces
1102 412 1237 435 raucas
1277 400 1338 435 vix
1373 397 1482 435 edila
1517 399 1627 437 tussi.

102 478 140 503 v.
169 465 296 503 1195:
321 463 594 502 inhorrescens·
616 467 773 502 rictum.

213 534 252 570 4.
295 530 513 569 Collocatio
550 530 762 568 rerlmrzcm.
821 529 1120 569 commemoro
1156 530 1338 583 primurn
1374 531 1514 580 locos,
1556 530 1629 570 ubi

100 602 218 637 recta
240 597 470 637 collocatio
494 597 719 636 verborum
746 596 950 636 restituta
973 600 1039 635 est
1062 611 1085 636 a
1108 597 1284 637 criticis.
1328 598 1390 647 ΙΙ,
1418 599 1520 638 275:
1546 612 1631 650 per-

100 669 332 718 spicuumst,
357 679 395 704 v.
413 665 593 704 Lachm.
622 664 683 713 II,
703 665 780 704 615
805 668 1052 715 genitoribus
1075 664 1156 704 sint
1178 665 1348 712 »ἐπί-(ἐμή,
1373 681 1413 705 v.
1431 665 1628 714 Lachm.,

101 732 172 785 qui
207 731 348 771 addit:
390 747 534 781 „unus
574 736 720 771 tamen
764 736 828 770 est
866 746 1014 771 versus
1050 731 1177 771 huius
1213 732 1325 782 libri,
1356 735 1451 782 309,
1488 736 1631 773 Omnia

100 817 188 840 cum
219 817 347 841 rerum
376 803 590 853 primordia
617 803 697 839 sint
725 803 764 839 in
794 805 918 848 motu,
947 798 989 838 in
1024 813 1105 851 quo
1136 804 1211 838 aut
1240 800 1278 838 in
1312 804 1415 840 motu
1446 815 1519 853 pro
1545 815 1629 839 uno

99 867 311 907 vocabulo
348 866 482 920 accipi
518 866 647 906 (lebet
682 872 756 906 aut
791 866 934 919 potius
970 866 1245 906 scribendum
1275 872 1341 907 est
1372 872 1515 907 Omnia
1543 872 1638 907 cum'

99 939 179 975 sint
204 938 245 974 in
267 941 378 974 motu
403 938 617 987 primordia
638 951 780 974 rerum.
816 933 877 983 H,
896 936 996 974 640:
1022 939 1162 975 armati
1186 943 1351 975 matrem
1376 939 1629 975 comitantur.

100 1001 348 1041 Quadratus
376 1009 543 1042 matrem
567 1005 704 1042 armati
730 1005 984 1041 comitantur.
1020 1002 1107 1051 ΙΙΙ,
1135 1004 1214 1042 249
1239 1002 1340 1042 Pius
1363 1002 1527 1053 scmffmfs
1550 1005 1631 1040 bam„

100 1083 172 1122 pro
209 1073 286 1107 flam
321 1069 500 1120 sanquis.
556 1069 642 1118 ΙΙΙ,
681 1070 780 1108 293:
817 1075 976 1122 pectore
1010 1074 1228 1122 tranquillo
1262 1071 1406 1123 quvifit
1441 1073 1630 1121 voltuque

98 1153 246 1177 sereno.
289 1135 338 1175 L.
364 1136 469 1186 „Sic
492 1142 624 1186 recte,
657 1136 697 1175 ni
722 1136 864 1186 fallor,
889 1137 1102 1176 Marullus
1125 1138 1356 1191 prost'ffiqui:
1390 1142 1505 1176 certe
1538 1136 1630 1175 nul-

97 1203 183 1243 lam
217 1203 375 1243 inversi
408 1204 717 1244 vocabulorum
750 1203 910 1244 ordinis
944 1204 1155 1244 rationem
1188 1205 1334 1244 video:
1373 1204 1415 1244 in
1445 1204 1524 1254 VI,
1551 1206 1629 1244 143

99 1275 204 1325 quod
227 1275 322 1311 item
343 1275 400 1312 fit.
421 1301 424 1304 <
444 1287 482 1311 V.
510 1273 605 1311 299.
634 1273 729 1312 431.
759 1273 865 1311 1017
896 1277 984 1312 Hoc
1006 1276 1063 1312 fit.
1106 1287 1145 1311 V.
1173 1274 1251 1312 670
1276 1276 1322 1312 Id
1346 1290 1502 1325 quoquc
1526 1275 1631 1312 enim

98 1345 153 1379 fit.
188 1338 231 1378 in
254 1339 335 1389 IV,
354 1341 461 1379 1166
484 1346 571 1379 tum
593 1344 677 1380 fitf‘
713 1339 801 1388 111,
819 1340 919 1379 3312:
945 1343 1050 1379 inter
1072 1343 1234 1393 sessum
1257 1340 1430 1379 concordi
1453 1343 1632 1393 praedita

99 1411 190 1447 vita.
225 1406 276 1446 L.
302 1407 405 1456 „Sic
428 1407 642 1446 Marullus
667 1409 756 1460 (pro
780 1411 885 1447 inter
906 1424 945 1447 se
968 1412 1141 1448 consorti
1164 1412 1265 1447 fiunt
1289 1411 1470 1460 praedita
1491 1410 1629 1456 vitae).

98 1474 236 1527 possis
260 1489 344 1514 non
374 1474 536 1514 minore
567 1488 662 1514 cum
691 1474 833 1527 specie
858 1474 944 1514 veri
969 1480 1079 1515 Inter
1101 1492 1140 1515 se
1164 1479 1337 1515 consorti
1360 1480 1500 1515 effiunt
1522 1491 1631 1528 prae—

97 1547 182 1583 dita
209 1546 330 1583 vitaf⁶
374 1542 452 1591 IV,
476 1544 557 1582 342
580 1559 695 1595 porro
718 1546 876 1595 pariter.
921 1542 1170 1582 Quadratus
1197 1543 1353 1593 pariter
1372 1557 1504 1593 porro.
1548 1542 1629 1591 IV,

101 1612 199 1650 741:
242 1627 379 1650 verum
418 1614 485 1650 ubi
527 1614 617 1662 equi
657 1627 747 1650 casu
781 1618 900 1663 atque
934 1614 1106 1650 hominis
1140 1614 1326 1651 convenit
1364 1615 1506 1662 imago.
1561 1609 1632 1649 Sic

98 1677 276 1717 Lachm.
302 1692 397 1731 pro:
432 1682 579 1718 Verum
607 1681 673 1718 ubi
706 1682 794 1731 equi
819 1686 938 1731 atque
961 1682 1140 1718 homines
1163 1694 1254 1718 casu
1277 1682 1464 1718 convenit
1485 1682 1629 1730 imago.

100 1744 151 1794 V,
178 1747 249 1785 51:
286 1762 449 1786 numero
483 1749 628 1786 divom.
682 1750 831 1786 Divum
865 1763 1029 1786 numero
1064 1745 1175 1799 apud
1212 1745 1491 1785 Lactantium
1526 1745 1628 1784 inst.

99 1812 185 1862 III,
212 1814 278 1862 14,
303 1815 343 1853 4.
376 1838 415 1842 —
444 1813 523 1862 VI,
549 1815 621 1852 32:
649 1817 685 1852 et
708 1817 851 1866 quibus
874 1828 893 1852 e
914 1818 1052 1866 portis
1096 1813 1345 1853 Quadratus
1377 1830 1395 1853 e
1426 1817 1569 1866 quibus
1593 1819 1632 1853 et

97 1885 234 1933 portis.
278 1880 358 1929 VI,
384 1882 484 1920 616:
516 1887 718 1933 praeterea
739 1896 918 1932 'malagmam
942 1882 1003 1920 sol
1024 1888 1177 1934 partem
1201 1885 1378 1922 detrahit
1400 1887 1524 1921 aestu.
1561 1879 1631 1920 Sic

97 1947 311 1987 Marullus
339 1962 413 2001 pro
444 1949 505 1987 sol
530 1963 726 2000 mafflzscm.
772 1948 851 1998 VI,
880 1950 978 1988 746:
1012 1955 1071 1989 est
1100 1953 1131 1989 si
1154 1954 1254 1989 forte
1278 1953 1385 1989 lacus
1407 1952 1630 1989 substratus

98 2020 256 2056 Averni.
301 2015 370 2055 Sic
392 2015 574 2055 Lachm.
605 2030 680 2069 pro
711 2021 741 2056 si
772 2021 873 2056 forte
902 2020 1008 2056 lacus
1038 2019 1238 2056 subiratus
1267 2021 1427 2065 Averni,
1459 2015 1627 2055 dicens:

97 2083 382 2133 „Lambian
412 2083 558 2123 nescio
589 2084 718 2133 unde,
754 2086 960 2133 Aramo-sb,
994 2098 1095 2123 casu
1126 2083 1310 2124 nominis
1341 2098 1487 2137 parum
1512 2087 1628 2137 apto,

97 2151 173 2191 sed
197 2155 253 2190 esc
283 2155 400 2191 recte
432 2150 579 2191 addito
612 2151 849 2191 secundum
880 2151 1240 2192 consuetudinem
1262 2156 1432 2205 poetae.
1466 2151 1510 2191 id
1532 2165 1630 2190 vero

97 2218 240 2272 aptius
263 2218 501 2259 inseremus
525 2223 624 2259 ante
647 2219 696 2269 si,
722 2220 801 2258 hoc
826 2218 968 2268 modo,
999 2224 1073 2259 Est
1101 2224 1133 2259 si
1154 2224 1256 2260 forte
1278 2225 1386 2260 lacus
1408 2223 1631 2259 substratus

98 2291 257 2327 Averni.
300 2286 362 2326 ita
384 2286 428 2325 in
450 2286 504 2335 V,
531 2288 610 2326 606
639 2292 898 2340 Opportunus
929 2290 986 2326 ita
1016 2293 1075 2327 est
1097 2291 1128 2327 si
1151 2292 1253 2328 forte
1277 2294 1316 2328 et
1337 2292 1502 2328 idoneus
1525 2290 1630 2328 aer.“

210 2353 430 2393 Adverbia
460 2354 670 2393 nonnulla
699 2359 743 2394 et
771 2353 1100 2394 coniunctiones
1124 2369 1250 2408 saepe
1274 2370 1297 2394 a
1318 2354 1522 2394 Lucretio
1546 2369 1630 2393 non

97 2421 150 2461 ab
173 2420 296 2460 initio
314 2421 645 2471 enunciationis,
672 2421 745 2460 sed
771 2437 853 2460 uno
880 2421 945 2460 vel
969 2421 1164 2474 pluribus
1190 2422 1411 2462 vocabulis
1428 2422 1631 2476 praemis·-

98 2488 154 2528 sis
176 2493 410 2542 ponuntur.
455 2489 523 2529 Sic
539 2489 602 2538 ΙΙ,
621 2490 665 2529 7:
692 2493 791 2529 bene
814 2504 927 2542 quam
953 2494 1109 2529 munita
1130 2496 1265 2530 tenere
1290 2495 1394 2530 cett.
1426 2489 1508 2538 IV,
1529 2491 1628 2529 1351:

98 2572 238 2609 parvus
261 2560 306 2595 ἰιί
328 2563 386 2596 est
410 2561 523 2610 cycni
544 2561 684 2597 melior
707 2573 836 2606 canor,
860 2560 927 2597 ille
950 2574 1093 2609 gruum
1109 2573 1221 2611 quam
1239 2562 1396 2598 clamor.
1433 2557 1508 2606 VI,
1529 2558 1627 2597 109:

99 2627 279 2664 carbasus
304 2628 347 2663 ut
369 2629 569 2677 quondam
591 2629 746 2678 magnis
768 2629 925 2665 intenta
945 2629 1113 2665 theatris
1136 2629 1205 2665 dat
1228 2630 1436 2679 crepitum.
1466 2638 1505 2663 v.
1534 2626 1627 2664 152:

98 2695 332 2731 lauricomos
369 2695 410 2730 ul
443 2696 473 2731 si
508 2709 576 2745 per
604 2696 750 2732 montis
783 2696 938 2732 flamma
966 2699 1143 2745 vagetur.
1195 2708 1232 2732 v,
1267 2695 1368 2733 594:
1410 2696 1533 2744 frigus
1569 2693 1631 2731 aba·

98 2766 252 2798 nostros
287 2763 446 2811 penitus
480 2775 562 2798 cum
600 2764 707 2800 venit
741 2763 780 2800 in
815 2766 935 2799 artus.
979 2775 1018 2799 v.
1052 2762 1145 2801 754:
1180 2764 1341 2801 Grraium
1380 2763 1421 2798 πί
1454 2763 1630 2800 cecinere
