1833 3048
822 72 910 127 ⁷⁷¹⁷„

175 199 220 235 L.
251 200 295 236 L.
328 199 392 244 VI,
416 202 466 237 36
499 200 618 246 (bis);
657 201 720 247 VI,
745 203 817 247 403
857 202 960 247 VIII,
983 205 1005 239 3
1038 208 1075 240 et
1112 206 1176 249 11;
1219 216 1278 252 ap.
1312 205 1409 243 Gell.
1438 208 1498 252 10,
1524 209 1557 253 1,
1580 208 1602 243 6

174 276 220 302 ex
259 264 324 302 lib.
368 265 398 302 V
437 267 665 313 disciplinar.
734 268 837 305 Idem
882 268 1035 304 verbum
1082 273 1235 316 praetor
1282 270 1495 309 Varronem
1538 273 1603 310 ad-

171 330 378 369 hibuerunt
406 333 551 370 Nonius
582 334 646 377 59,
671 334 693 369 5
723 338 761 370 et
791 334 873 370 Vel.
907 334 1028 382 Long.
1062 337 1167 373 2218
1202 336 1242 372 P.

89 394 353 434 advenerari:
388 399 430 435 R.
461 399 506 435 R.
538 399 567 444 I,
590 402 624 444 1,
652 402 674 436 6
715 389 818 436 ‘Item
853 400 1064 437 adveneror
1095 402 1306 439 Minervam
1337 406 1376 439 et
1403 400 1604 440 Venerem'

169 468 206 502 et
234 464 332 501 idem
360 476 420 512 ap.
451 465 514 502 Sil.
545 465 630 502 Ital.
668 466 728 511 13,
763 467 855 503 704.

90 525 357 566 *ambivium
390 534 460 568 sat.
492 530 538 568 fr.
569 532 648 567 276
680 530 743 580 (R.
781 534 867 579 161,
893 535 927 578 1)
973 529 1018 569 'in
1058 534 1219 571 ambivio
1259 546 1390 572 navem
1420 546 1601 572 conscen-

171 591 314 634 dimus'.

84 659 436 700 *commalaoearoe
468 667 537 701 sat.
568 663 614 701 fr.
653 666 728 701 177
759 663 820 710 (R.
859 666 946 710 139,
971 665 1009 709 5)
1043 659 1150 711 ‘quod
1182 666 1423 713 philosophia
1439 678 1603 706 comma-

168 730 338 767 laxarem
358 742 404 767 ea
424 723 578 776 na'my'.
620 730 785 777 Simplex
807 730 963 767 verbum
985 720 1212 768 ‘malaxandi
1234 723 1354 769 ’affert
1382 734 1463 779 ipse
1480 735 1603 772 Varro

165 796 208 833 L.
239 796 283 833 L.
317 796 381 838 VI,
415 797 465 833 96
494 788 554 833 'ab
585 807 629 833 eo
661 797 757 843 quod
789 796 841 832 illi
864 789 1115 843 μαλάσσειν,
1156 810 1223 835 nos
1264 800 1480 845 nialaxare’,
1521 803 1600 836 tum

166 862 354 900 Laberius
384 864 477 900 dixit
508 867 604 900 teste
638 863 760 901 Gellio
795 865 856 908 16,
881 865 914 907 7,
941 866 962 900 7
993 856 1123 901 'malas
1155 858 1378 901 malaxavit'.

81 924 390 981 conquadrare:
413 932 482 966 sat.
506 929 550 966 fr.
577 930 626 966 96
650 926 715 978 (R.
742 932 830 973 118,
857 927 921 977 15)
944 934 981 966 et
1002 931 1162 977 simplex
1176 931 1273 967 idem
1293 931 1511 978 significans
1528 935 1598 969 sat.

167 993 210 1032 fr.
237 996 317 1032 248
339 996 452 1038 (157,
476 996 518 1041 3)
535 1000 629 1041 etc.;
651 995 807 1033 verbum
827 996 1111 1043 conquadrandi
1133 997 1272 1044 legitur
1288 1009 1347 1044 ap.
1372 998 1450 1035 Col.
1472 997 1599 1035 Sidon.

195 1061 362 1099 Verbum
390 1057 689 1112 compascendi,
721 1063 818 1109 quod
849 1074 963 1109 supra
993 1064 1296 1107 commemoravi,
1329 1064 1428 1109 apud
1458 1065 1599 1100 Varro-

81 1139 167 1166 nem
198 1128 243 1165 R.
279 1127 326 1164 R.
357 1128 387 1174 I,
412 1129 485 1173 533
525 1129 561 1165 II
599 1139 764 1174 prooem.
806 1127 826 1177 ξ
858 1131 879 1165 5
922 1140 1078 1175 prorsus
1121 1129 1219 1166 idem
1261 1130 1449 1177 significat
1487 1133 1599 1176 atque

79 1193 234 1231 verbum
265 1194 423 1240 simplex
454 1195 652 1240 pascendi;
684 1195 722 1231 in
753 1195 883 1232 eodem
913 1194 1029 1233 verbo
1049 1196 1341 1242 praepositionis
1371 1197 1425 1232 vis
1447 1199 1600 1234 servata

80 1262 139 1296 est
168 1271 228 1306 ap.
260 1260 338 1298 Cic.
372 1261 465 1307 Top.
499 1263 534 1305 3,
557 1263 628 1306 123
662 1260 706 1297 cf.
739 1261 864 1306 Quint.
898 1262 933 1306 5,
972 1264 1030 1301 10,
1062 1263 1127 1298 85.

81 1321 398 1363 *contremulusz
432 1331 501 1364 sat.
533 1326 579 1364 fr.
612 1328 690 1364 400
721 1328 781 1371 (R.
806 1329 891 1373 192,
917 1327 954 1374 3)
974 1322 1105 1371 ⁸(l11na)
1127 1328 1207 1364 ti‘im
1228 1329 1464 1365 eontremula
1492 1329 1596 1376 {xqui-

161 1392 265 1429 lenta
296 1393 397 1439 apud
428 1393 507 1430 alta
525 1392 546 1441 ΙΙ
564 1394 677 1431 litora,
707 1395 827 1430 oreris
861 1421 867 1429 .
894 1423 900 1430 .
925 1385 944 1430 ,’
976 1394 1074 1431 idem
1107 1395 1235 1431 valens
1266 1395 1366 1441 quod
1390 1391 1598 1431 tremulus.

83 1469 401 1511 confirmanus:
435 1461 534 1507 quod
556 1460 778 1497 vocabulum
807 1461 926 1497 lexica
948 1460 1111 1497 afferunt
1131 1472 1176 1497 ex
1198 1459 1414 1508 fragmento
1436 1462 1596 1500 Varron.

160 1535 220 1571 ap.
252 1525 349 1562 Non.
385 1528 448 1570 90,
475 1528 521 1562 17
552 1537 626 1563 rer.
659 1527 758 1564 hum.
793 1527 857 1563 lib.
891 1527 945 1563 III
988 1518 1136 1564 ‘Postea
1180 1538 1264 1564 cum
1305 1528 1362 1564 his
1394 1539 1469 1564 una
1498 1539 1597 1565 rem—

155 1591 345 1638 publicam
384 1593 572 1630 coniuncti
610 1597 648 1629 et
688 1594 932 1638 conger-mani
964 1593 1147 1638 tenuere}
1190 1594 1256 1631 sed
1300 1590 1520 1640 Qccieherat
1559 1595 1597 1630 in

158 1659 270 1695 Nonii
299 1659 466 1697 editione
507 1660 650 1697 recenti
693 1659 783 1696 mihi
828 1659 976 1696 videtur
1016 1664 1119 1696 recte
1157 1661 1357 1706 scripsisse
1398 1650 1598 1697 ‘coniuncti

153 1722 504 1773 congel-inanitate,
545 1729 692 1763 secutus
734 1714 906 1763 θοῶς-11111
948 1726 1117 1772 vestigia,
1161 1737 1319 1772 quorum
1352 1726 1387 1762 II
1417 1729 1455 1762 et
1484 1726 1515 1763 L
1549 1715 1597 1763 ‘et

162 1794 450 1840 congermanita,
481 1787 660 1838 tenuere',
701 1793 730 1829 P
762 1781 1099 1838 ‘congermanitate
1129 1786 1252 1829 nuere'
1284 1792 1474 1829 exhibent.

76 1865 320 1921 (ἷεηίφ-ανεῑ
365 1870 408 1907 R.
434 1870 477 1907 R.
502 1871 530 1915 I,
555 1871 618 1915 55,
646 1872 667 1906 7
700 1864 911 1916 ‘denigrare
946 1867 1101 1906 terram'
1133 1874 1170 1905 et
1199 1869 1297 1905 idem
1329 1880 1390 1915 ap.
1422 1869 1517 1905 Plin.
1550 1868 1596 1904 H.

157 1936 203 1973 N.
236 1938 285 1974 23
320 1935 414 1986 (53)
448 1938 520 1981 993
563 1938 612 1971 32
644 1933 735 1984 (23)
783 1937 854 1979 67;
898 1935 1000 1972 Tert.
1034 1935 1120 1975 Res,
1159 1937 1229 1979 123
1276 1935 1390 1971 Firm.
1431 1934 1596 1971 Matern.

157 2004 274 2041 mat-h.
309 2004 345 2047 5,
382 2005 445 2039 10.

76 2076 339 2131 deplantare:
383 2080 427 2117 R.
452 2080 497 2117 R.
528 2081 557 2125 Ι,
588 2082 653 2127 40,
686 2082 729 2124 43
772 2080 802 2128 Ι,
836 2082 899 2121 43,
942 2082 955 2115 1
991 2079 1024 2114 11.
1056 2090 1086 2115 e.
1119 2079 1302 2116 ramulum
1334 2078 1485 2115 seminis
1515 2078 1599 2114 loco

159 2158 206 2184 ex
235 2159 310 2184 una
339 2148 474 2185 arbore
506 2148 544 2184 in
576 2147 735 2184 alteram
765 2145 986 2190 transferre,
1023 2148 1059 2181 et
1090 2156 1149 2192 ap.
1183 2145 1262 2182 Col.
1295 2143 1391 2180 Plin.

77 2219 288 2274 derepere:
336 2228 407 2261 sat.
440 2223 485 2260 fr.
523 2224 596 2260 115
628 2224 694 2267 (R.
732 2223 819 2267 124,
843 2223 886 2262 4)
927 2216 1122 2268 'derepere
1167 2222 1215 2258 ad
1255 2220 1447 2258 hominum
1486 2213 1598 2265 fana',

160 2289 259 2337 quod
289 2290 387 2327 idem
418 2293 523 2327 ext-at
553 2301 613 2336 ap.
647 2289 808 2327 Phaedr.
841 2288 937 2324 Plin.
971 2288 1083 2335 Apul.

79 2362 370 2417 *dz'splcmarez
418 2371 488 2404 sat.
520 2365 567 2403 fr.
599 2368 676 2403 291
709 2367 773 2408 (R.
796 2366 883 2411 165,
907 2366 952 2409 4)
981 2359 1100 2402 ‘rutro
1132 2368 1241 2411 caput
1262 2356 1540 2411 displanare'h.
1564 2373 1597 2400 e.

162 2432 351 2470 discutere
383 2436 494 2480 atque
525 2433 773 2479 disrumpere.

78 2504 344 2560 *displicarffi
386 2511 431 2548 R.
455 2511 500 2548 R.
524 2510 591 2555 ΙΙΙ,
619 2512 679 2555 lli,
707 2512 725 2545 7
766 2503 808 2545 'si
838 2508 988 2555 quando
1019 2508 1243 2555 displicatae
1275 2501 1372 2544 sunt’
1413 2516 1465 2544 se.
1496 2516 1597 2553 apes.

166 2574 284 2613 Gloss.
306 2576 424 2614 Labb.
460 2571 645 2623 ‘displicat
677 2561 964 2612 ἀναπτύσσεί.

81 2654 302 2705 *εωρανταῑ
336 2653 379 2691 R.
403 2654 448 2691 R.
468 2653 517 2699 ΙΙ,
542 2656 576 2699 5,
604 2654 624 2689 7
655 2647 828 2698 'pecudes
857 2654 984 2689 aetate
1015 2651 1139 2698 potius
1167 2650 1214 2688 ad
1244 2649 1388 2687 fructus
1422 2648 1600 2688 ferendos

164 2721 337 2768 integrae
374 2731 485 2767 quam
516 2720 591 2757 iam
622 2712 812 2766 exp-„iriae'
844 2718 868 2754 i.
900 2728 933 2754 e.
965 2727 1059 2763 quae
1089 2727 1226 2769 parere
1260 2716 1466 2754 desierunt.
1515 2715 1600 2753 Non
