1833 3048
764 47 1046 84 ..16-

250 164 345 206 Nec
384 175 486 207 vero
525 162 638 204 hanc
675 163 940 203 structuram
977 159 1154 202 missam
1190 158 1335 201 facere
1371 170 1545 211 possum
1583 157 1685 210 quin

134 234 312 277 afferam
356 234 495 276 locum
536 232 613 274 ΠΙ
648 235 690 284 7,
735 234 758 270 2
891 232 1095 275 incedunt
1131 232 1181 274 in
1214 232 1347 274 locum
1384 245 1523 273 unum
1560 230 1686 282 quod

133 306 211 349 aliz·
241 310 391 348 vocant
420 305 705 358 peristerona,
751 302 829 344 aliz·
856 302 1287 354 peristerotroplzion,
1330 298 1403 342 ubi
1448 311 1567 351 pron.
1606 299 1682 341 rel.

132 387 217 417 non
254 373 388 426 priori
425 373 503 416 sed
540 371 671 415 alteri
717 370 879 412 nomini
918 369 1163 423 praedicati
1193 369 1238 411 in
1271 372 1419 411 enunt.
1453 369 1580 410 relat.
1614 380 1683 410 ac-

133 444 448 487 commodatum
479 446 562 485 est.
625 442 739 484 Nam
780 453 874 483 cum
918 440 1130 482 scriberet
1166 451 1399 492 pronomen
1436 438 1683 486 relativum,

132 516 276 561 Varro
309 515 445 557 solum
474 511 676 557 vocabuli
708 525 746 564 q.
773 524 807 554 e.
837 512 1245 566 peristeroz‘roplzion
1275 509 1449 552 videtur
1469 508 1685 550 rationem

132 584 359 637 habuisse,
399 584 444 626 in
474 583 568 637 ipso
602 585 749 625 autem
782 581 1008 623 scribendo
1043 579 1176 622 etiam
1209 578 1392 621 alterius
1424 577 1608 620 nominis
1640 577 1685 620 in

131 658 323 698 mentem
356 654 395 697 ei
426 653 562 702 venit,
597 652 709 705 quod
741 663 835 693 cum
867 663 952 693 non
984 661 1316 692 commemorare
1347 648 1505 701 nollet,
1539 648 1684 702 singu-

131 725 238 768 laris
271 728 496 768 structura
529 727 627 766 orta
660 721 783 777 est.1)

762 1002 797 1046 C
807 1015 833 1045 a
841 1015 868 1056 p
878 1014 906 1045 u
915 1004 935 1044 t
966 1002 1056 1045 ΠΙ.

725 1107 798 1152 De
831 1106 1091 1151 attributo.

862 1226 888 1277 ξ
922 1228 957 1264 9.

248 1310 312 1353 Ut
345 1308 459 1362 apud
490 1308 656 1362 priscos
690 1306 926 1360 scriptores
959 1305 1238 1349 substantivo
1260 1318 1344 1348 non
1376 1318 1474 1348 raro
1507 1306 1684 1348 additur

130 1381 318 1423 alterum
350 1379 675 1422 substantivum
699 1378 810 1431 quod
833 1376 1042 1419 attributi
1063 1376 1203 1419 locum
1225 1379 1379 1419 teneat
1403 1376 1495 1431 (cfr.
1519 1377 1683 1419 Holtze

128 1452 153 1494 Ι
188 1455 233 1504 7;
266 1451 442 1504 Drager
473 1451 498 1492 Ι
532 1451 648 1503 624),
681 1449 746 1491 ita
780 1448 894 1501 apud
926 1449 1170 1492 Varronem
1202 1447 1329 1490 huius
1362 1447 1538 1496 formae,
1573 1460 1684 1500 quae

130 1522 246 1575 apud
270 1519 522 1563 Ciceronem
553 1520 693 1562 minus
726 1531 832 1562 sane
861 1518 1063 1570 frequens
1096 1520 1178 1570 est,
1213 1520 1285 1560 sat
1317 1518 1454 1560 multa
1486 1518 1684 1571 exempla

127 1592 314 1636 inveniri
356 1604 441 1634 non
480 1590 753 1641 mirabimur,
794 1592 943 1631 tamen
976 1613 1031 1618 —
1069 1590 1118 1629 ut
1158 1588 1358 1630 omittam
1390 1588 1684 1631 usitatissima

128 1664 250 1708 Velut
282 1665 447 1719 femina
484 1664 552 1706 bos
586 1661 636 1704 ΙΙ
672 1665 713 1713 1,
757 1664 828 1713 17,
869 1661 993 1703 arbor
1035 1660 1163 1702 aluus
1193 1659 1218 1700 I
1254 1662 1298 1707 7,
1343 1663 1363 1700 7
1398 1662 1507 1701 extr.
1518 1692 1527 1712 ,
1560 1661 1684 1703 arbor

130 1736 218 1777 olea
248 1733 273 1775 I
307 1737 354 1784 2,
396 1736 448 1773 20
494 1734 552 1784 et,
586 1730 759 1774 inverso
798 1728 959 1781 ordine,
1001 1745 1052 1773 ew
1083 1730 1170 1773 olea
1209 1731 1355 1773 arbore
1387 1729 1462 1771 ΠΙ
1498 1733 1572 1779 16,
1609 1733 1682 1782 253

129 1807 283 1846 contra
317 1805 405 1847 olea
427 1802 521 1845 sine
551 1802 689 1844 subst.
727 1802 852 1845 arbor
882 1800 907 1841 I
940 1803 978 1852 2,
1018 1803 1066 1839 19
1104 1824 1152 1829 —-
1188 1812 1409 1852 perpauca
1442 1799 1683 1854 singularia

129 1887 241 1926 quae
276 1875 663 1915 commemorentur
694 1871 827 1924 digna
860 1874 980 1912 sunt:
1006 1870 1030 1912 I
1054 1874 1120 1920 29,
1157 1873 1179 1910 3
1204 1885 1287 1924 qua
1310 1877 1504 1915 aratrum
1525 1887 1684 1915 vomere

129 1946 328 1989 laomedon
359 1946 510 1988 &triam
547 1945 664 1999 fecit,
704 1943 848 1986 sulcus
884 1947 1076 1995 meatur,
1124 1940 1210 1983 nisi
1246 1940 1359 1983 forte
1402 1954 1442 1984 v.
1486 1944 1684 1987 lammam

136 2014 249 2067 quod
291 2017 440 2066 potest
483 2013 681 2056 additum
723 2024 820 2055 esse
862 2014 910 2052 ut
952 2013 1082 2055 striae
1119 2011 1375 2054 vocabulum
1413 2012 1683 2056 rarissimum

133 2084 443 2138 explicaretur,
477 2083 606 2137 plane
639 2081 774 2125 deleri
816 2084 990 2135 oportet
1023 2083 1088 2134 (ut
1125 2081 1326 2125 voluerat
1364 2082 1568 2134 Ursinus3
1607 2083 1684 2126 sed

127 2154 227 2198 vide
259 2153 378 2196 Keil.
412 2153 468 2195 ad
499 2152 545 2208 1.)

245 2224 340 2269 VH
365 2227 416 2264 76
447 2225 582 2267 Iubar
613 2225 772 2267 (licitur
803 2223 923 2266 stella
957 2222 1113 2278 lucifer
1147 2220 1286 2279 [quae]
1320 2225 1370 2267 in
1392 2239 1553 2267 summo
1575 2226 1684 2276 quod

129 2296 247 2338 habet
279 2297 422 2338 lumen
453 2295 673 2351 diffusum,
708 2299 756 2337 w}
788 2295 846 2337 leo
878 2295 929 2336 in
962 2295 1095 2348 eapite
1126 2295 1251 2337 iubar
1283 2320 1337 2324 ——
1371 2294 1456 2336 etsi
1488 2294 1682 2336 hocloco

128 2366 309 2421 Lucifer
329 2364 512 2407 nominis
536 2363 698 2416 proprii
719 2363 864 2405 instar
886 2363 1050 2405 dictum
1068 2376 1164 2405 esse
1181 2366 1342 2416 potest,
1371 2364 1445 2406 cfr.
1464 2365 1541 2407 ΙΙΙ
1565 2369 1601 2418 5,
1630 2369 1679 2406 17

132 2434 247 2487 (vide
280 2447 411 2488 supra
443 2447 543 2488 pag.
582 2437 631 2474 13
665 2437 752 2475 not.
791 2432 844 2488 1).
906 2433 932 2475 Ι
967 2437 1002 2485 1,
1038 2437 1062 2473 4
1097 2435 1197 2478 liber
1226 2437 1368 2478 index.

247 2505 346 2550 Vox
378 2517 417 2556 q.
452 2516 488 2546 e.
522 2510 701 2559 torrens,
743 2516 828 2556 qua
865 2503 1060 2556 plerique
1091 2507 1141 2546 ut
1173 2504 1452 2548 substantivo
1485 2507 1680 2558 utuntur,

128 2575 346 2628 propriam
377 2573 602 2628 participii
633 2573 721 2617 vim
753 2573 950 2617 servavit
982 2574 1007 2616 I
1042 2578 1106 2627 12,
1145 2578 1196 2614 14
1228 2581 1434 2620 torrentes
1457 2577 1604 2631 fluvii,

248 2726 275 2767 1)
303 2723 556 2759 Constantiam
592 2724 768 2759 Varronis
809 2724 848 2758 in
889 2722 1055 2758 formulis
1097 2723 1310 2767 quibusdam
1352 2724 1565 2760 adhibendis
1598 2725 1681 2760 inde

133 2793 311 2828 cognosce
339 2783 432 2825 quod
458 2783 513 2816 his
540 2782 703 2817 omnibus
730 2783 820 2817 locis
848 2782 1097 2827 „appellandi“
1133 2783 1279 2817 verbum
1312 2783 1477 2818 ultimam
1509 2783 1545 2818 in
1571 2794 1680 2818 enun—

129 2841 234 2884 tiato,
262 2840 457 2885 „vocandi“
485 2841 746 2884 paenultimam
773 2841 895 2876 sedem
920 2845 1032 2876 tenet.
