<?xml version="1.0" encoding="UTF-8"?>
<!DOCTYPE html PUBLIC "-//W3C//DTD XHTML 1.0 Transitional//EN"
    "http://www.w3.org/TR/xhtml1/DTD/xhtml1-transitional.dtd">
<html xmlns="http://www.w3.org/1999/xhtml" xml:lang="en" lang="en">
 <head>
  <title>
</title>
<meta http-equiv="Content-Type" content="text/html;charset=utf-8" />
  <meta name='ocr-system' content='tesseract 3.04.00' />
  <meta name='ocr-capabilities' content='ocr_page ocr_carea ocr_par ocr_line ocrx_word'/>
</head>
<body>
  <div class='ocr_page' id='page_1' title='image "./syntaxislucretia00holtuoft_0485.png"; bbox 0 0 1833 3048; ppageno 0'>
   <div class='ocr_carea' id='block_1_1' title="bbox 91 75 1617 1864">
    <p class='ocr_par' dir='ltr' id='par_1_1' title="bbox 833 75 881 109">
     <span class='ocr_line' id='line_1_1' title="bbox 833 75 881 109; baseline 0 0"><span class='ocrx_word' id='word_1_1' title='bbox 833 75 881 109; x_wconf 83' lang='lat'>41</span> 
     </span>
    </p>

    <p class='ocr_par' dir='ltr' id='par_1_2' title="bbox 91 203 1617 1580">
     <span class='ocr_line' id='line_1_2' title="bbox 94 203 1607 255; baseline -0.002 -8"><span class='ocrx_word' id='word_1_2' title='bbox 94 211 226 248; x_wconf 86' lang='lat' dir='ltr'>titulus</span> <span class='ocrx_word' id='word_1_3' title='bbox 264 210 427 247; x_wconf 86' lang='lat' dir='ltr'>traditus</span> <span class='ocrx_word' id='word_1_4' title='bbox 468 209 554 254; x_wconf 88' lang='lat' dir='ltr'>est),</span> <span class='ocrx_word' id='word_1_5' title='bbox 606 212 643 245; x_wconf 89' lang='lat' dir='ltr'>et</span> <span class='ocrx_word' id='word_1_6' title='bbox 686 207 773 244; x_wconf 85' lang='lat' dir='ltr'>Isid.</span> <span class='ocrx_word' id='word_1_7' title='bbox 819 207 882 244; x_wconf 90' lang='lat' dir='ltr'>Or.</span> <span class='ocrx_word' id='word_1_8' title='bbox 923 207 1010 253; x_wconf 80' lang='lat' dir='ltr'>XX,</span> <span class='ocrx_word' id='word_1_9' title='bbox 1058 210 1081 245; x_wconf 88' lang='grc'>8</span> <span class='ocrx_word' id='word_1_10' title='bbox 1112 203 1181 246; x_wconf 80' lang='lat' dir='ltr'>‘De</span> <span class='ocrx_word' id='word_1_11' title='bbox 1218 210 1316 246; x_wconf 79' lang='lat' dir='ltr'>vasis</span> <span class='ocrx_word' id='word_1_12' title='bbox 1355 203 1607 255; x_wconf 84' lang='lat' dir='ltr'>coquinariis’.</span> 
     </span>
     <span class='ocr_line' id='line_1_3' title="bbox 95 270 1610 326; baseline -0.001 -13"><span class='ocrx_word' id='word_1_13' title='bbox 95 277 189 313; x_wconf 88' lang='lat' dir='ltr'>Tum</span> <span class='ocrx_word' id='word_1_14' title='bbox 226 279 331 313; x_wconf 81' lang='lat' dir='ltr'>ext-at</span> <span class='ocrx_word' id='word_1_15' title='bbox 369 270 540 326; x_wconf 69' lang='lat' dir='ltr'>ayrara&#39;s</span> <span class='ocrx_word' id='word_1_16' title='bbox 579 285 640 321; x_wconf 89' lang='lat' dir='ltr'>ap.</span> <span class='ocrx_word' id='word_1_17' title='bbox 685 273 815 311; x_wconf 90' lang='lat' dir='ltr'>Aurel.</span> <span class='ocrx_word' id='word_1_18' title='bbox 857 274 954 311; x_wconf 79' lang='lat' dir='ltr'>Vict.</span> <span class='ocrx_word' id='word_1_19' title='bbox 998 276 1151 321; x_wconf 84' lang='lat' dir='ltr'>epitom.</span> <span class='ocrx_word' id='word_1_20' title='bbox 1193 286 1225 311; x_wconf 91' lang='lat' dir='ltr'>c.</span> <span class='ocrx_word' id='word_1_21' title='bbox 1266 277 1328 320; x_wconf 82' lang='lat'>41,</span> <span class='ocrx_word' id='word_1_22' title='bbox 1361 285 1457 321; x_wconf 85' lang='lat' dir='ltr'>quac</span> <span class='ocrx_word' id='word_1_23' title='bbox 1487 273 1610 312; x_wconf 84' lang='lat' dir='ltr'>forma</span> 
     </span>
     <span class='ocr_line' id='line_1_4' title="bbox 92 335 1608 379; baseline -0.001 -1"><span class='ocrx_word' id='word_1_24' title='bbox 92 343 166 379; x_wconf 88' lang='lat' dir='ltr'>iam</span> <span class='ocrx_word' id='word_1_25' title='bbox 212 339 361 378; x_wconf 71' lang='lat' dir='ltr'>Annae</span> <span class='ocrx_word' id='word_1_26' title='bbox 400 336 538 377; x_wconf 66' lang='lat' dir='ltr'>Fabri</span> <span class='ocrx_word' id='word_1_27' title='bbox 563 335 622 377; x_wconf 89' lang='lat' dir='ltr'>‘ob</span> <span class='ocrx_word' id='word_1_28' title='bbox 663 335 924 377; x_wconf 87' lang='lat' dir='ltr'>rusticitatem&#39;</span> <span class='ocrx_word' id='word_1_29' title='bbox 966 340 1146 378; x_wconf 86' lang='lat' dir='ltr'>notabilis</span> <span class='ocrx_word' id='word_1_30' title='bbox 1197 342 1273 377; x_wconf 82' lang='lat' dir='ltr'>visa</span> <span class='ocrx_word' id='word_1_31' title='bbox 1315 345 1383 378; x_wconf 85' lang='lat' dir='ltr'>est.</span> <span class='ocrx_word' id='word_1_32' title='bbox 1429 342 1608 377; x_wconf 81' lang='lat' dir='ltr'>Fortasse</span> 
     </span>
     <span class='ocr_line' id='line_1_5' title="bbox 94 401 1609 453; baseline -0.002 -7"><span class='ocrx_word' id='word_1_33' title='bbox 94 408 328 446; x_wconf 87' lang='lat' dir='ltr'>emendanda</span> <span class='ocrx_word' id='word_1_34' title='bbox 355 412 410 443; x_wconf 85' lang='lat' dir='ltr'>est</span> <span class='ocrx_word' id='word_1_35' title='bbox 440 418 500 453; x_wconf 87' lang='lat' dir='ltr'>ap.</span> <span class='ocrx_word' id='word_1_36' title='bbox 533 408 704 445; x_wconf 84' lang='lat' dir='ltr'>Macrum</span> <span class='ocrx_word' id='word_1_37' title='bbox 737 407 822 453; x_wconf 84' lang='lat' dir='ltr'>Dig.</span> <span class='ocrx_word' id='word_1_38' title='bbox 856 408 920 451; x_wconf 78' lang='lat'>48,</span> <span class='ocrx_word' id='word_1_39' title='bbox 966 408 1024 452; x_wconf 85' lang='lat'>19,</span> <span class='ocrx_word' id='word_1_40' title='bbox 1073 410 1118 444; x_wconf 87' lang='lat'>10</span> <span class='ocrx_word' id='word_1_41' title='bbox 1148 402 1372 453; x_wconf 82' lang='lat' dir='ltr'>‘pecuniaris</span> <span class='ocrx_word' id='word_1_42' title='bbox 1403 401 1609 444; x_wconf 78' lang='lat' dir='ltr'>damnatio&#39;</span> 
     </span>
     <span class='ocr_line' id='line_1_6' title="bbox 91 467 1607 522; baseline -0.001 -11"><span class='ocrx_word' id='word_1_43' title='bbox 91 476 129 511; x_wconf 91' lang='lat' dir='ltr'>in</span> <span class='ocrx_word' id='word_1_44' title='bbox 166 470 395 522; x_wconf 80' lang='lat' dir='ltr'>‘pecuniaria</span> <span class='ocrx_word' id='word_1_45' title='bbox 443 467 503 518; x_wconf 89' lang='lat' dir='ltr'>d.&#39;,</span> <span class='ocrx_word' id='word_1_46' title='bbox 545 484 642 520; x_wconf 88' lang='lat' dir='ltr'>quae</span> <span class='ocrx_word' id='word_1_47' title='bbox 685 473 807 510; x_wconf 80' lang='lat' dir='ltr'>torma</span> <span class='ocrx_word' id='word_1_48' title='bbox 849 473 949 519; x_wconf 86' lang='lat' dir='ltr'>apud</span> <span class='ocrx_word' id='word_1_49' title='bbox 1002 477 1149 510; x_wconf 85' lang='lat' dir='ltr'>ceteros</span> <span class='ocrx_word' id='word_1_50' title='bbox 1206 485 1335 510; x_wconf 84' lang='lat' dir='ltr'>omnes</span> <span class='ocrx_word' id='word_1_51' title='bbox 1377 473 1607 520; x_wconf 82' lang='lat' dir='ltr'>digestorum</span> 
     </span>
     <span class='ocr_line' id='line_1_7' title="bbox 92 534 1609 587; baseline -0.001 -10"><span class='ocrx_word' id='word_1_52' title='bbox 92 541 173 577; x_wconf 88' lang='lat' dir='ltr'>iure</span> <span class='ocrx_word' id='word_1_53' title='bbox 202 540 395 578; x_wconf 85' lang='lat' dir='ltr'>consultos</span> <span class='ocrx_word' id='word_1_54' title='bbox 425 540 575 586; x_wconf 85' lang='lat' dir='ltr'>legitur,</span> <span class='ocrx_word' id='word_1_55' title='bbox 608 539 710 576; x_wconf 74' lang='lat' dir='ltr'>velut</span> <span class='ocrx_word' id='word_1_56' title='bbox 747 534 1023 576; x_wconf 80' lang='lat' dir='ltr'>‘condemnatio</span> <span class='ocrx_word' id='word_1_57' title='bbox 1063 534 1291 586; x_wconf 76' lang='lat' dir='ltr'>pecuniaria&#39;</span> <span class='ocrx_word' id='word_1_58' title='bbox 1334 539 1420 586; x_wconf 89' lang='lat' dir='ltr'>Ulp.</span> <span class='ocrx_word' id='word_1_59' title='bbox 1454 539 1538 587; x_wconf 85' lang='lat' dir='ltr'>Dig.</span> <span class='ocrx_word' id='word_1_60' title='bbox 1572 543 1609 587; x_wconf 80' lang='lat'>2,</span> 
     </span>
     <span class='ocr_line' id='line_1_8' title="bbox 94 604 1606 652; baseline 0 -9"><span class='ocrx_word' id='word_1_61' title='bbox 94 608 130 651; x_wconf 84' lang='lat'>9,</span> <span class='ocrx_word' id='word_1_62' title='bbox 163 607 210 652; x_wconf 73' lang='grc' dir='ltr'>ὃς</span> <span class='ocrx_word' id='word_1_63' title='bbox 240 606 290 643; x_wconf 69' lang='lat' dir='ltr'>id.</span> <span class='ocrx_word' id='word_1_64' title='bbox 325 607 387 651; x_wconf 75' lang='lat'>42,</span> <span class='ocrx_word' id='word_1_65' title='bbox 423 609 456 650; x_wconf 93' lang='lat'>1,</span> <span class='ocrx_word' id='word_1_66' title='bbox 490 607 534 650; x_wconf 64' lang='grc' dir='ltr'>(ἐς</span> <span class='ocrx_word' id='word_1_67' title='bbox 566 605 612 642; x_wconf 88' lang='lat' dir='ltr'>cf.</span> <span class='ocrx_word' id='word_1_68' title='bbox 647 604 851 642; x_wconf 84' lang='lat' dir='ltr'>Modestin.</span> <span class='ocrx_word' id='word_1_69' title='bbox 886 606 971 652; x_wconf 86' lang='lat' dir='ltr'>Dig.</span> <span class='ocrx_word' id='word_1_70' title='bbox 1003 607 1069 651; x_wconf 75' lang='lat'>49,</span> <span class='ocrx_word' id='word_1_71' title='bbox 1106 607 1165 650; x_wconf 85' lang='grc'>16,</span> <span class='ocrx_word' id='word_1_72' title='bbox 1200 606 1246 650; x_wconf 86' lang='grc'>3;</span> <span class='ocrx_word' id='word_1_73' title='bbox 1284 605 1388 642; x_wconf 78' lang='lat' dir='ltr'>Paul.</span> <span class='ocrx_word' id='word_1_74' title='bbox 1421 606 1509 652; x_wconf 82' lang='lat' dir='ltr'>Dig.</span> <span class='ocrx_word' id='word_1_75' title='bbox 1542 608 1606 652; x_wconf 85' lang='grc'>48,</span> 
     </span>
     <span class='ocr_line' id='line_1_9' title="bbox 96 666 1606 719; baseline 0.001 -11"><span class='ocrx_word' id='word_1_76' title='bbox 96 675 129 718; x_wconf 92' lang='grc'>1,</span> <span class='ocrx_word' id='word_1_77' title='bbox 161 673 183 707; x_wconf 85' lang='grc'>2</span> <span class='ocrx_word' id='word_1_78' title='bbox 215 676 287 710; x_wconf 85' lang='lat' dir='ltr'>etc,</span> <span class='ocrx_word' id='word_1_79' title='bbox 318 672 391 708; x_wconf 85' lang='lat' dir='ltr'>nisi</span> <span class='ocrx_word' id='word_1_80' title='bbox 420 670 518 709; x_wconf 82' lang='lat' dir='ltr'>forte</span> <span class='ocrx_word' id='word_1_81' title='bbox 548 674 652 708; x_wconf 89' lang='lat' dir='ltr'>recte</span> <span class='ocrx_word' id='word_1_82' title='bbox 682 671 824 708; x_wconf 87' lang='lat' dir='ltr'>iudicat</span> <span class='ocrx_word' id='word_1_83' title='bbox 854 666 957 707; x_wconf 78' lang='lat' dir='ltr'>Pott.</span> <span class='ocrx_word' id='word_1_84' title='bbox 988 672 1034 708; x_wconf 83' lang='grc' dir='ltr'>Ε.</span> <span class='ocrx_word' id='word_1_85' title='bbox 1063 671 1106 708; x_wconf 87' lang='lat' dir='ltr'>F.</span> <span class='ocrx_word' id='word_1_86' title='bbox 1138 672 1207 715; x_wconf 79' lang='lat'>11¹,</span> <span class='ocrx_word' id='word_1_87' title='bbox 1251 673 1300 708; x_wconf 81' lang='grc'>98</span> <span class='ocrx_word' id='word_1_88' title='bbox 1341 671 1501 709; x_wconf 81' lang='lat' dir='ltr'>formam</span> <span class='ocrx_word' id='word_1_89' title='bbox 1531 666 1606 719; x_wconf 83' lang='lat' dir='ltr'>‘pe-</span> 
     </span>
     <span class='ocr_line' id='line_1_10' title="bbox 92 732 1608 785; baseline -0.001 -10"><span class='ocrx_word' id='word_1_90' title='bbox 92 732 268 775; x_wconf 84' lang='lat' dir='ltr'>cuniaris&#39;</span> <span class='ocrx_word' id='word_1_91' title='bbox 325 738 372 775; x_wconf 88' lang='lat' dir='ltr'>ad</span> <span class='ocrx_word' id='word_1_92' title='bbox 421 738 634 785; x_wconf 81' lang='lat' dir='ltr'>exemplum</span> <span class='ocrx_word' id='word_1_93' title='bbox 689 737 862 775; x_wconf 83' lang='lat' dir='ltr'>adiectivi</span> <span class='ocrx_word' id='word_1_94' title='bbox 912 732 1132 784; x_wconf 63' lang='lat' dir='ltr'>‘peculiaris&#39;</span> <span class='ocrx_word' id='word_1_95' title='bbox 1181 737 1276 774; x_wconf 84' lang='lat' dir='ltr'>salso</span> <span class='ocrx_word' id='word_1_96' title='bbox 1332 736 1458 775; x_wconf 85' lang='lat' dir='ltr'>fictam</span> <span class='ocrx_word' id='word_1_97' title='bbox 1512 749 1608 774; x_wconf 81' lang='lat' dir='ltr'>esse.</span> 
     </span>
     <span class='ocr_line' id='line_1_11' title="bbox 94 799 1611 851; baseline -0.001 -11"><span class='ocrx_word' id='word_1_98' title='bbox 94 804 222 851; x_wconf 81' lang='lat' dir='ltr'>Neque</span> <span class='ocrx_word' id='word_1_99' title='bbox 254 805 376 841; x_wconf 88' lang='lat' dir='ltr'>minus</span> <span class='ocrx_word' id='word_1_100' title='bbox 405 809 507 841; x_wconf 86' lang='lat' dir='ltr'>recte</span> <span class='ocrx_word' id='word_1_101' title='bbox 548 804 784 850; x_wconf 78' lang='lat' dir='ltr'>adiectivum,</span> <span class='ocrx_word' id='word_1_102' title='bbox 826 804 924 851; x_wconf 89' lang='lat' dir='ltr'>quod</span> <span class='ocrx_word' id='word_1_103' title='bbox 953 804 1094 851; x_wconf 84' lang='lat' dir='ltr'>legitur</span> <span class='ocrx_word' id='word_1_104' title='bbox 1135 803 1240 841; x_wconf 87' lang='lat' dir='ltr'>Suet.</span> <span class='ocrx_word' id='word_1_105' title='bbox 1273 804 1391 851; x_wconf 83' lang='lat' dir='ltr'>Calig.</span> <span class='ocrx_word' id='word_1_106' title='bbox 1426 805 1474 840; x_wconf 81' lang='lat'>26</span> <span class='ocrx_word' id='word_1_107' title='bbox 1508 799 1611 851; x_wconf 83' lang='lat' dir='ltr'>‘peg-</span> 
     </span>
     <span class='ocr_line' id='line_1_12' title="bbox 91 864 1613 918; baseline 0 -11"><span class='ocrx_word' id='word_1_108' title='bbox 91 881 217 909; x_wconf 85' lang='lat' dir='ltr'>mares</span> <span class='ocrx_word' id='word_1_109' title='bbox 246 864 487 918; x_wconf 86' lang='lat' dir='ltr'>gladiatores&#39;</span> <span class='ocrx_word' id='word_1_110' title='bbox 529 870 794 908; x_wconf 83' lang='lat' dir='ltr'>emendatione</span> <span class='ocrx_word' id='word_1_111' title='bbox 825 871 994 917; x_wconf 77' lang='lat' dir='ltr'>indigere</span> <span class='ocrx_word' id='word_1_112' title='bbox 1026 871 1217 916; x_wconf 81' lang='lat' dir='ltr'>perspexit</span> <span class='ocrx_word' id='word_1_113' title='bbox 1249 869 1289 906; x_wconf 87' lang='lat' dir='ltr'>C.</span> <span class='ocrx_word' id='word_1_114' title='bbox 1322 870 1364 906; x_wconf 90' lang='lat' dir='ltr'>L.</span> <span class='ocrx_word' id='word_1_115' title='bbox 1405 870 1518 915; x_wconf 89' lang='lat' dir='ltr'>Roth,</span> <span class='ocrx_word' id='word_1_116' title='bbox 1551 871 1613 916; x_wconf 92' lang='lat' dir='ltr'>qui</span> 
     </span>
     <span class='ocr_line' id='line_1_13' title="bbox 91 931 1611 985; baseline 0 -12"><span class='ocrx_word' id='word_1_117' title='bbox 91 931 336 984; x_wconf 79' lang='lat' dir='ltr'>&#39;paegniares’</span> <span class='ocrx_word' id='word_1_118' title='bbox 367 936 479 973; x_wconf 80' lang='lat' dir='ltr'><strong>scribi</strong></span> <span class='ocrx_word' id='word_1_119' title='bbox 510 937 617 973; x_wconf 86' lang='lat' dir='ltr'>iussit</span> <span class='ocrx_word' id='word_1_120' title='bbox 647 937 705 981; x_wconf 78' lang='lat' dir='ltr'>(in</span> <span class='ocrx_word' id='word_1_121' title='bbox 735 938 900 974; x_wconf 86' lang='lat' dir='ltr'>editione</span> <span class='ocrx_word' id='word_1_122' title='bbox 939 937 1092 975; x_wconf 87' lang='lat' dir='ltr'>Sueton.</span> <span class='ocrx_word' id='word_1_123' title='bbox 1130 933 1265 985; x_wconf 80' lang='grc'>1858).</span> <span class='ocrx_word' id='word_1_124' title='bbox 1311 937 1380 982; x_wconf 73' lang='lat' dir='ltr'>Qui</span> <span class='ocrx_word' id='word_1_125' title='bbox 1411 949 1495 974; x_wconf 90' lang='lat' dir='ltr'>cum</span> <span class='ocrx_word' id='word_1_126' title='bbox 1526 948 1611 974; x_wconf 90' lang='lat' dir='ltr'>sen-</span> 
     </span>
     <span class='ocr_line' id='line_1_14' title="bbox 93 999 1614 1050; baseline 0 -11"><span class='ocrx_word' id='word_1_127' title='bbox 93 1003 298 1041; x_wconf 88' lang='lat' dir='ltr'>tentiarum</span> <span class='ocrx_word' id='word_1_128' title='bbox 347 1014 464 1040; x_wconf 84' lang='lat' dir='ltr'>nexus</span> <span class='ocrx_word' id='word_1_129' title='bbox 509 1003 598 1050; x_wconf 89' lang='lat' dir='ltr'>quid</span> <span class='ocrx_word' id='word_1_130' title='bbox 636 1002 828 1050; x_wconf 82' lang='lat' dir='ltr'>flagitaret</span> <span class='ocrx_word' id='word_1_131' title='bbox 876 1008 978 1040; x_wconf 82' lang='lat' dir='ltr'>recte</span> <span class='ocrx_word' id='word_1_132' title='bbox 1032 1003 1282 1050; x_wconf 81' lang='lat' dir='ltr'>intellegeret,</span> <span class='ocrx_word' id='word_1_133' title='bbox 1335 1006 1458 1039; x_wconf 90' lang='lat' dir='ltr'>tamen</span> <span class='ocrx_word' id='word_1_134' title='bbox 1503 999 1614 1039; x_wconf 77' lang='lat' dir='ltr'>-arz&#39;s</span> 
     </span>
     <span class='ocr_line' id='line_1_15' title="bbox 93 1061 1613 1115; baseline -0.001 -10"><span class='ocrx_word' id='word_1_135' title='bbox 93 1070 400 1107; x_wconf 84' lang='lat' dir='ltr'>terminationem</span> <span class='ocrx_word' id='word_1_136' title='bbox 444 1069 556 1105; x_wconf 88' lang='lat' dir='ltr'>nimis</span> <span class='ocrx_word' id='word_1_137' title='bbox 598 1073 707 1105; x_wconf 77' lang='lat' dir='ltr'>caute</span> <span class='ocrx_word' id='word_1_138' title='bbox 760 1070 935 1106; x_wconf 86' lang='lat' dir='ltr'>servavit.</span> <span class='ocrx_word' id='word_1_139' title='bbox 986 1068 1082 1106; x_wconf 84' lang='lat' dir='ltr'>Nam</span> <span class='ocrx_word' id='word_1_140' title='bbox 1138 1067 1300 1105; x_wconf 86' lang='lat' dir='ltr'>formam</span> <span class='ocrx_word' id='word_1_141' title='bbox 1350 1061 1613 1115; x_wconf 83' lang='lat' dir='ltr'>‘paegniarius&#39;</span> 
     </span>
     <span class='ocr_line' id='line_1_16' title="bbox 94 1130 1614 1182; baseline 0 -10"><span class='ocrx_word' id='word_1_142' title='bbox 94 1135 392 1173; x_wconf 81' lang='lat' dir='ltr'>substituendam</span> <span class='ocrx_word' id='word_1_143' title='bbox 443 1145 527 1172; x_wconf 85' lang='lat' dir='ltr'>esse</span> <span class='ocrx_word' id='word_1_144' title='bbox 587 1146 669 1171; x_wconf 88' lang='lat' dir='ltr'>cum</span> <span class='ocrx_word' id='word_1_145' title='bbox 726 1135 790 1171; x_wconf 82' lang='lat' dir='ltr'>alii</span> <span class='ocrx_word' id='word_1_146' title='bbox 851 1139 930 1172; x_wconf 81' lang='lat' dir='ltr'>tun]</span> <span class='ocrx_word' id='word_1_147' title='bbox 988 1130 1288 1171; x_wconf 67' lang='lat' dir='ltr'>Friedlaencler</span> <span class='ocrx_word' id='word_1_148' title='bbox 1347 1134 1614 1182; x_wconf 84' lang='lat' dir='ltr'>(Sittengesch.</span> 
     </span>
     <span class='ocr_line' id='line_1_17' title="bbox 96 1196 1616 1249; baseline -0.001 -10"><span class='ocrx_word' id='word_1_149' title='bbox 96 1198 226 1240; x_wconf 87' lang='lat' dir='ltr'>Rom’s</span> <span class='ocrx_word' id='word_1_150' title='bbox 258 1196 328 1246; x_wconf 87' lang='lat'>11²,</span> <span class='ocrx_word' id='word_1_151' title='bbox 360 1203 451 1247; x_wconf 81' lang='lat'>393,</span> <span class='ocrx_word' id='word_1_152' title='bbox 486 1200 554 1249; x_wconf 79' lang='lat'>15)</span> <span class='ocrx_word' id='word_1_153' title='bbox 594 1206 886 1249; x_wconf 82' lang='lat' dir='ltr'>proposuerunt,</span> <span class='ocrx_word' id='word_1_154' title='bbox 938 1212 1032 1249; x_wconf 79' lang='lat' dir='ltr'>quac</span> <span class='ocrx_word' id='word_1_155' title='bbox 1083 1202 1210 1248; x_wconf 87' lang='lat' dir='ltr'>opinio</span> <span class='ocrx_word' id='word_1_156' title='bbox 1264 1213 1307 1238; x_wconf 87' lang='lat' dir='ltr'>eo</span> <span class='ocrx_word' id='word_1_157' title='bbox 1357 1200 1616 1244; x_wconf 89' lang='lat' dir='ltr'>confirmatur,</span> 
     </span>
     <span class='ocr_line' id='line_1_18' title="bbox 95 1261 1616 1315; baseline -0.001 -10"><span class='ocrx_word' id='word_1_158' title='bbox 95 1267 193 1315; x_wconf 90' lang='lat' dir='ltr'>quod</span> <span class='ocrx_word' id='word_1_159' title='bbox 233 1261 492 1315; x_wconf 79' lang='lat' dir='ltr'>‘paegniarius&#39;</span> <span class='ocrx_word' id='word_1_160' title='bbox 537 1268 575 1304; x_wconf 90' lang='lat' dir='ltr'>in</span> <span class='ocrx_word' id='word_1_161' title='bbox 615 1267 918 1315; x_wconf 80' lang='lat' dir='ltr'>inscriptionibus</span> <span class='ocrx_word' id='word_1_162' title='bbox 962 1268 1163 1312; x_wconf 79' lang='lat' dir='ltr'>invenitur,</span> <span class='ocrx_word' id='word_1_163' title='bbox 1216 1278 1308 1313; x_wconf 86' lang='lat' dir='ltr'>quas</span> <span class='ocrx_word' id='word_1_164' title='bbox 1362 1266 1476 1305; x_wconf 84' lang='lat' dir='ltr'>affert</span> <span class='ocrx_word' id='word_1_165' title='bbox 1519 1263 1616 1303; x_wconf 74' lang='lat' dir='ltr'>Wil-</span> 
     </span>
     <span class='ocr_line' id='line_1_19' title="bbox 96 1333 1617 1379; baseline 0.001 -10"><span class='ocrx_word' id='word_1_166' title='bbox 96 1345 247 1371; x_wconf 72' lang='grc' dir='ltr'>Λιηαηηε</span> <span class='ocrx_word' id='word_1_167' title='bbox 278 1345 339 1371; x_wconf 90' lang='lat' dir='ltr'>no.</span> <span class='ocrx_word' id='word_1_168' title='bbox 373 1335 502 1379; x_wconf 78' lang='lat'>2605;</span> <span class='ocrx_word' id='word_1_169' title='bbox 535 1335 654 1371; x_wconf 80' lang='lat'>2617.</span> <span class='ocrx_word' id='word_1_170' title='bbox 688 1333 757 1371; x_wconf 87' lang='lat' dir='ltr'>Est</span> <span class='ocrx_word' id='word_1_171' title='bbox 798 1338 925 1371; x_wconf 86' lang='lat' dir='ltr'>autem</span> <span class='ocrx_word' id='word_1_172' title='bbox 967 1334 1038 1370; x_wconf 88' lang='lat' dir='ltr'>hoc</span> <span class='ocrx_word' id='word_1_173' title='bbox 1076 1334 1300 1371; x_wconf 79' lang='lat' dir='ltr'>adiectivum</span> <span class='ocrx_word' id='word_1_174' title='bbox 1340 1334 1565 1370; x_wconf 85' lang='lat' dir='ltr'>translatum</span> <span class='ocrx_word' id='word_1_175' title='bbox 1594 1345 1617 1371; x_wconf 84' lang='lat' dir='ltr'>a</span> 
     </span>
     <span class='ocr_line' id='line_1_20' title="bbox 96 1400 1617 1448; baseline -0.001 -10"><span class='ocrx_word' id='word_1_176' title='bbox 96 1411 234 1448; x_wconf 83' lang='lat' dir='ltr'>graeco</span> <span class='ocrx_word' id='word_1_177' title='bbox 264 1402 467 1448; x_wconf 73' lang='grc' dir='ltr'><em>παίγνιον</em></span> <span class='ocrx_word' id='word_1_178' title='bbox 510 1401 563 1437; x_wconf 83' lang='lat' dir='ltr'>ita</span> <span class='ocrx_word' id='word_1_179' title='bbox 593 1404 634 1437; x_wconf 89' lang='lat' dir='ltr'>ut</span> <span class='ocrx_word' id='word_1_180' title='bbox 677 1400 865 1447; x_wconf 85' lang='lat' dir='ltr'>significet</span> <span class='ocrx_word' id='word_1_181' title='bbox 895 1411 959 1437; x_wconf 82' lang='lat' dir='ltr'>eos</span> <span class='ocrx_word' id='word_1_182' title='bbox 1004 1400 1188 1448; x_wconf 84' lang='lat' dir='ltr'>homines,</span> <span class='ocrx_word' id='word_1_183' title='bbox 1231 1400 1363 1447; x_wconf 84' lang='lat' dir='ltr'>quint</span> <span class='ocrx_word' id='word_1_184' title='bbox 1400 1403 1617 1446; x_wconf 79' lang='lat' dir='ltr'>spectantes</span> 
     </span>
     <span class='ocr_line' id='line_1_21' title="bbox 95 1466 1615 1514; baseline -0.002 -9"><span class='ocrx_word' id='word_1_185' title='bbox 95 1470 134 1506; x_wconf 92' lang='lat' dir='ltr'>in</span> <span class='ocrx_word' id='word_1_186' title='bbox 184 1467 335 1504; x_wconf 86' lang='lat' dir='ltr'>theatro</span> <span class='ocrx_word' id='word_1_187' title='bbox 382 1466 628 1513; x_wconf 83' lang='lat' dir='ltr'>delectarent,</span> <span class='ocrx_word' id='word_1_188' title='bbox 669 1477 833 1513; x_wconf 83' lang='lat' dir='ltr'>pugnam</span> <span class='ocrx_word' id='word_1_189' title='bbox 877 1466 1131 1514; x_wconf 83' lang='lat' dir='ltr'>gladiatorum</span> <span class='ocrx_word' id='word_1_190' title='bbox 1174 1466 1320 1504; x_wconf 88' lang='lat' dir='ltr'>ludicro</span> <span class='ocrx_word' id='word_1_191' title='bbox 1358 1477 1464 1503; x_wconf 89' lang='lat' dir='ltr'>more</span> <span class='ocrx_word' id='word_1_192' title='bbox 1494 1466 1615 1502; x_wconf 87' lang='lat' dir='ltr'>imita-</span> 
     </span>
     <span class='ocr_line' id='line_1_22' title="bbox 95 1528 286 1580; baseline -0.005 -9"><span class='ocrx_word' id='word_1_193' title='bbox 95 1528 286 1580; x_wconf 87' lang='lat' dir='ltr'>bantur.¹)</span> 
     </span>
    </p>

    <p class='ocr_par' dir='ltr' id='par_1_3' title="bbox 97 1608 1616 1864">
     <span class='ocr_line' id='line_1_23' title="bbox 180 1608 1616 1657; baseline -0.001 -9"><span class='ocrx_word' id='word_1_194' title='bbox 180 1611 252 1649; x_wconf 81' lang='lat' dir='ltr'>Sed</span> <span class='ocrx_word' id='word_1_195' title='bbox 302 1613 344 1647; x_wconf 88' lang='lat' dir='ltr'>ut</span> <span class='ocrx_word' id='word_1_196' title='bbox 391 1609 439 1647; x_wconf 89' lang='lat' dir='ltr'>ad</span> <span class='ocrx_word' id='word_1_197' title='bbox 478 1609 712 1657; x_wconf 89' lang='lat' dir='ltr'>propositum</span> <span class='ocrx_word' id='word_1_198' title='bbox 760 1608 970 1655; x_wconf 78' lang='lat' dir='ltr'>redeamus,</span> <span class='ocrx_word' id='word_1_199' title='bbox 1020 1620 1066 1647; x_wconf 91' lang='lat' dir='ltr'>ex</span> <span class='ocrx_word' id='word_1_200' title='bbox 1113 1611 1230 1656; x_wconf 87' lang='lat' dir='ltr'>ipsius</span> <span class='ocrx_word' id='word_1_201' title='bbox 1278 1610 1460 1647; x_wconf 84' lang='lat' dir='ltr'>Varronis</span> <span class='ocrx_word' id='word_1_202' title='bbox 1510 1610 1616 1648; x_wconf 88' lang='lat' dir='ltr'>libris</span> 
     </span>
     <span class='ocr_line' id='line_1_24' title="bbox 97 1671 1615 1725; baseline -0.001 -10"><span class='ocrx_word' id='word_1_203' title='bbox 97 1680 258 1725; x_wconf 83' lang='lat' dir='ltr'>apparet</span> <span class='ocrx_word' id='word_1_204' title='bbox 296 1676 487 1714; x_wconf 85' lang='lat' dir='ltr'>Romanos</span> <span class='ocrx_word' id='word_1_205' title='bbox 535 1676 807 1714; x_wconf 83' lang='lat' dir='ltr'>adiectivorum</span> <span class='ocrx_word' id='word_1_206' title='bbox 852 1676 889 1712; x_wconf 91' lang='lat' dir='ltr'>in</span> <span class='ocrx_word' id='word_1_207' title='bbox 930 1671 1027 1712; x_wconf 67' lang='lat' dir='ltr'>-alz‘s</span> <span class='ocrx_word' id='word_1_208' title='bbox 1067 1677 1183 1713; x_wconf 81' lang='lat' dir='ltr'>inulto</span> <span class='ocrx_word' id='word_1_209' title='bbox 1231 1677 1461 1714; x_wconf 84' lang='lat' dir='ltr'>amantiores</span> <span class='ocrx_word' id='word_1_210' title='bbox 1501 1675 1615 1713; x_wconf 81' lang='lat' dir='ltr'>fuisse</span> 
     </span>
     <span class='ocr_line' id='line_1_25' title="bbox 99 1740 1616 1790; baseline -0.002 -9"><span class='ocrx_word' id='word_1_211' title='bbox 99 1755 211 1790; x_wconf 82' lang='lat' dir='ltr'>quam</span> <span class='ocrx_word' id='word_1_212' title='bbox 240 1744 278 1780; x_wconf 92' lang='lat' dir='ltr'>in</span> <span class='ocrx_word' id='word_1_213' title='bbox 323 1740 428 1780; x_wconf 76' lang='lat' dir='ltr'>-aris</span> <span class='ocrx_word' id='word_1_214' title='bbox 467 1743 732 1787; x_wconf 87' lang='lat' dir='ltr'>desinentium,</span> <span class='ocrx_word' id='word_1_215' title='bbox 777 1753 859 1778; x_wconf 88' lang='lat' dir='ltr'>cum</span> <span class='ocrx_word' id='word_1_216' title='bbox 902 1742 1057 1779; x_wconf 88' lang='lat' dir='ltr'>illorum</span> <span class='ocrx_word' id='word_1_217' title='bbox 1088 1742 1197 1779; x_wconf 91' lang='lat' dir='ltr'>LXX</span> <span class='ocrx_word' id='word_1_218' title='bbox 1227 1742 1316 1787; x_wconf 79' lang='lat' dir='ltr'>fore,</span> <span class='ocrx_word' id='word_1_219' title='bbox 1364 1742 1497 1778; x_wconf 89' lang='lat' dir='ltr'>horum</span> <span class='ocrx_word' id='word_1_220' title='bbox 1545 1741 1616 1778; x_wconf 91' lang='lat' dir='ltr'>XV</span> 
     </span>
     <span class='ocr_line' id='line_1_26' title="bbox 100 1808 1616 1864; baseline -0.002 -17"><span class='ocrx_word' id='word_1_221' title='bbox 100 1814 246 1847; x_wconf 87' lang='lat' dir='ltr'>tantum</span> <span class='ocrx_word' id='word_1_222' title='bbox 279 1808 379 1856; x_wconf 88' lang='lat' dir='ltr'>apud</span> <span class='ocrx_word' id='word_1_223' title='bbox 411 1810 621 1847; x_wconf 88' lang='lat' dir='ltr'>Varronem</span> <span class='ocrx_word' id='word_1_224' title='bbox 653 1809 743 1845; x_wconf 90' lang='lat' dir='ltr'>mihi</span> <span class='ocrx_word' id='word_1_225' title='bbox 775 1808 1210 1864; x_wconf 42' lang='lat' dir='ltr'>occurre1·int,-quoru1n</span> <span class='ocrx_word' id='word_1_226' title='bbox 1255 1818 1439 1854; x_wconf 87' lang='lat' dir='ltr'>numquae</span> <span class='ocrx_word' id='word_1_227' title='bbox 1469 1817 1491 1844; x_wconf 87' lang='lat' dir='ltr'>a</span> <span class='ocrx_word' id='word_1_228' title='bbox 1521 1808 1616 1845; x_wconf 86' lang='lat' dir='ltr'>Var-</span> 
     </span>
    </p>
   </div>
   <div class='ocr_carea' id='block_1_2' title="bbox 106 1899 324 1902">
    <p class='ocr_par' dir='ltr' id='par_1_4' title="bbox 106 1899 324 1902">
     <span class='ocr_line' id='line_1_27' title="bbox 106 1899 324 1902; baseline 0 0"><span class='ocrx_word' id='word_1_229' title='bbox 106 1899 324 1902; x_wconf 95' lang='lat' dir='ltr'> </span> 
     </span>
    </p>
   </div>
   <div class='ocr_carea' id='block_1_3' title="bbox 104 1937 1621 2774">
    <p class='ocr_par' dir='ltr' id='par_1_5' title="bbox 104 1937 1621 2774">
     <span class='ocr_line' id='line_1_28' title="bbox 197 1937 1617 1982; baseline -0.004 -9"><span class='ocrx_word' id='word_1_230' title='bbox 197 1940 221 1982; x_wconf 95' lang='lat'>¹)</span> <span class='ocrx_word' id='word_1_231' title='bbox 250 1942 337 1974; x_wconf 88' lang='lat' dir='ltr'>Cum</span> <span class='ocrx_word' id='word_1_232' title='bbox 364 1941 429 1973; x_wconf 87' lang='lat' dir='ltr'>hoe</span> <span class='ocrx_word' id='word_1_233' title='bbox 467 1940 673 1982; x_wconf 77' lang='lat' dir='ltr'>opusculum</span> <span class='ocrx_word' id='word_1_234' title='bbox 709 1940 779 1971; x_wconf 80' lang='lat' dir='ltr'>iam</span> <span class='ocrx_word' id='word_1_235' title='bbox 817 1940 880 1971; x_wconf 89' lang='lat' dir='ltr'>sub</span> <span class='ocrx_word' id='word_1_236' title='bbox 919 1939 1015 1980; x_wconf 87' lang='lat' dir='ltr'>prelo</span> <span class='ocrx_word' id='word_1_237' title='bbox 1054 1942 1153 1975; x_wconf 79' lang='lat' dir='ltr'>esset,</span> <span class='ocrx_word' id='word_1_238' title='bbox 1192 1937 1225 1968; x_wconf 90' lang='lat' dir='ltr'>in</span> <span class='ocrx_word' id='word_1_239' title='bbox 1253 1947 1374 1969; x_wconf 86' lang='lat' dir='ltr'>manus</span> <span class='ocrx_word' id='word_1_240' title='bbox 1412 1937 1496 1968; x_wconf 86' lang='lat' dir='ltr'>mihi</span> <span class='ocrx_word' id='word_1_241' title='bbox 1522 1937 1617 1968; x_wconf 84' lang='lat' dir='ltr'>venit</span> 
     </span>
     <span class='ocr_line' id='line_1_29' title="bbox 107 1993 1617 2041; baseline -0.003 -11"><span class='ocrx_word' id='word_1_242' title='bbox 107 1997 141 2031; x_wconf 91' lang='lat' dir='ltr'>C.</span> <span class='ocrx_word' id='word_1_243' title='bbox 174 1996 341 2030; x_wconf 72' lang='lat' dir='ltr'>Paucken·</span> <span class='ocrx_word' id='word_1_244' title='bbox 386 1998 648 2041; x_wconf 83' lang='lat' dir='ltr'>diligentissimi</span> <span class='ocrx_word' id='word_1_245' title='bbox 694 1997 945 2028; x_wconf 86' lang='lat' dir='ltr'>vocabulorum</span> <span class='ocrx_word' id='word_1_246' title='bbox 990 1995 1179 2027; x_wconf 81' lang='lat' dir='ltr'>latinorum</span> <span class='ocrx_word' id='word_1_247' title='bbox 1217 1994 1480 2036; x_wconf 83' lang='lat' dir='ltr'>investigatoris</span> <span class='ocrx_word' id='word_1_248' title='bbox 1516 1993 1617 2034; x_wconf 86' lang='lat' dir='ltr'>liber,</span> 
     </span>
     <span class='ocr_line' id='line_1_30' title="bbox 104 2052 1616 2097; baseline -0.003 -10"><span class='ocrx_word' id='word_1_249' title='bbox 104 2056 163 2097; x_wconf 89' lang='lat' dir='ltr'>qui</span> <span class='ocrx_word' id='word_1_250' title='bbox 190 2056 412 2088; x_wconf 82' lang='lat' dir='ltr'>inscribitur:</span> <span class='ocrx_word' id='word_1_251' title='bbox 441 2054 670 2096; x_wconf 87' lang='lat' dir='ltr'>Spicilegium</span> <span class='ocrx_word' id='word_1_252' title='bbox 702 2052 940 2085; x_wconf 74' lang='lat' dir='ltr'>addendoruni</span> <span class='ocrx_word' id='word_1_253' title='bbox 967 2052 1089 2084; x_wconf 78' lang='lat' dir='ltr'>lexicis</span> <span class='ocrx_word' id='word_1_254' title='bbox 1120 2052 1246 2083; x_wconf 85' lang='lat' dir='ltr'>latinis.</span> <span class='ocrx_word' id='word_1_255' title='bbox 1275 2052 1441 2082; x_wconf 78' lang='lat' dir='ltr'>Mitaviae</span> <span class='ocrx_word' id='word_1_256' title='bbox 1473 2052 1567 2093; x_wconf 77' lang='lat'>1875,</span> <span class='ocrx_word' id='word_1_257' title='bbox 1583 2052 1616 2082; x_wconf 90' lang='lat' dir='ltr'>in</span> 
     </span>
     <span class='ocr_line' id='line_1_31' title="bbox 105 2109 1616 2155; baseline -0.004 -10"><span class='ocrx_word' id='word_1_258' title='bbox 105 2123 173 2155; x_wconf 88' lang='lat' dir='ltr'>quo</span> <span class='ocrx_word' id='word_1_259' title='bbox 199 2124 256 2155; x_wconf 89' lang='lat' dir='ltr'>pg.</span> <span class='ocrx_word' id='word_1_260' title='bbox 283 2114 364 2152; x_wconf 74' lang='lat'>207,</span> <span class='ocrx_word' id='word_1_261' title='bbox 389 2113 432 2144; x_wconf 81' lang='lat'>56</span> <span class='ocrx_word' id='word_1_262' title='bbox 462 2111 630 2143; x_wconf 77' lang='lat' dir='ltr'>nonnulla</span> <span class='ocrx_word' id='word_1_263' title='bbox 668 2110 738 2142; x_wconf 87' lang='lat' dir='ltr'>alia</span> <span class='ocrx_word' id='word_1_264' title='bbox 771 2109 972 2142; x_wconf 84' lang='lat' dir='ltr'>huiusmodi</span> <span class='ocrx_word' id='word_1_265' title='bbox 1004 2109 1175 2142; x_wconf 77' lang='lat' dir='ltr'>vocabula</span> <span class='ocrx_word' id='word_1_266' title='bbox 1202 2109 1442 2151; x_wconf 79' lang='lat' dir='ltr'>irregulariter</span> <span class='ocrx_word' id='word_1_267' title='bbox 1470 2109 1616 2140; x_wconf 82' lang='lat' dir='ltr'>formata</span> 
     </span>
     <span class='ocr_line' id='line_1_32' title="bbox 104 2165 1617 2210; baseline -0.005 -7"><span class='ocrx_word' id='word_1_268' title='bbox 104 2172 273 2208; x_wconf 82' lang='lat' dir='ltr'>enotavit,</span> <span class='ocrx_word' id='word_1_269' title='bbox 305 2169 403 2201; x_wconf 82' lang='lat' dir='ltr'>velut</span> <span class='ocrx_word' id='word_1_270' title='bbox 427 2168 556 2210; x_wconf 76' lang='lat' dir='ltr'>iuquris</span> <span class='ocrx_word' id='word_1_271' title='bbox 580 2167 636 2210; x_wconf 76' lang='lat' dir='ltr'>(cf.</span> <span class='ocrx_word' id='word_1_272' title='bbox 664 2166 850 2200; x_wconf 83' lang='lat' dir='ltr'>sollemnes</span> <span class='ocrx_word' id='word_1_273' title='bbox 875 2169 1002 2199; x_wconf 82' lang='lat' dir='ltr'>formas</span> <span class='ocrx_word' id='word_1_274' title='bbox 1028 2167 1182 2209; x_wconf 70' lang='lat' dir='ltr'>iuqarius</span> <span class='ocrx_word' id='word_1_275' title='bbox 1214 2171 1247 2197; x_wconf 83' lang='lat' dir='ltr'>et</span> <span class='ocrx_word' id='word_1_276' title='bbox 1272 2165 1418 2207; x_wconf 41' lang='lat' dir='ltr'>iza-qalis),</span> <span class='ocrx_word' id='word_1_277' title='bbox 1443 2166 1617 2208; x_wconf 77' lang='lat' dir='ltr'>pecuaris,</span> 
     </span>
     <span class='ocr_line' id='line_1_33' title="bbox 105 2221 1616 2268; baseline -0.003 -9"><span class='ocrx_word' id='word_1_278' title='bbox 105 2227 278 2267; x_wconf 77' lang='lat' dir='ltr'>urinaria,</span> <span class='ocrx_word' id='word_1_279' title='bbox 306 2237 377 2257; x_wconf 83' lang='lat' dir='ltr'>-um</span> <span class='ocrx_word' id='word_1_280' title='bbox 403 2226 472 2268; x_wconf 86' lang='lat' dir='ltr'>(pg.</span> <span class='ocrx_word' id='word_1_281' title='bbox 499 2226 590 2266; x_wconf 74' lang='lat'>251),</span> <span class='ocrx_word' id='word_1_282' title='bbox 629 2224 743 2256; x_wconf 73' lang='lat' dir='ltr'>aciare</span> <span class='ocrx_word' id='word_1_283' title='bbox 779 2223 848 2266; x_wconf 87' lang='lat' dir='ltr'>(pg.</span> <span class='ocrx_word' id='word_1_284' title='bbox 875 2225 940 2256; x_wconf 83' lang='lat'>308</span> <span class='ocrx_word' id='word_1_285' title='bbox 974 2224 1053 2256; x_wconf 82' lang='lat' dir='ltr'>add.</span> <span class='ocrx_word' id='word_1_286' title='bbox 1089 2224 1131 2254; x_wconf 82' lang='lat' dir='ltr'>ad</span> <span class='ocrx_word' id='word_1_287' title='bbox 1164 2235 1220 2267; x_wconf 70' lang='lat' dir='ltr'>pg.</span> <span class='ocrx_word' id='word_1_288' title='bbox 1247 2221 1338 2263; x_wconf 71' lang='lat'>241),</span> <span class='ocrx_word' id='word_1_289' title='bbox 1366 2223 1484 2264; x_wconf 84' lang='lat' dir='ltr'>qualia</span> <span class='ocrx_word' id='word_1_290' title='bbox 1509 2223 1616 2254; x_wconf 80' lang='lat' dir='ltr'>verba</span> 
     </span>
     <span class='ocr_line' id='line_1_34' title="bbox 104 2279 1619 2326; baseline -0.004 -9"><span class='ocrx_word' id='word_1_291' title='bbox 104 2285 224 2318; x_wconf 79' lang='lat' dir='ltr'>infima</span> <span class='ocrx_word' id='word_1_292' title='bbox 247 2285 391 2326; x_wconf 86' lang='lat' dir='ltr'>linguae</span> <span class='ocrx_word' id='word_1_293' title='bbox 416 2283 546 2314; x_wconf 80' lang='lat' dir='ltr'>latinae</span> <span class='ocrx_word' id='word_1_294' title='bbox 571 2286 685 2313; x_wconf 79' lang='lat' dir='ltr'>aetate</span> <span class='ocrx_word' id='word_1_295' title='bbox 711 2282 799 2313; x_wconf 74' lang='lat' dir='ltr'>falso</span> <span class='ocrx_word' id='word_1_296' title='bbox 828 2281 1059 2323; x_wconf 86' lang='lat' dir='ltr'>fingebantur.</span> <span class='ocrx_word' id='word_1_297' title='bbox 1093 2280 1192 2321; x_wconf 85' lang='lat' dir='ltr'>Quod</span> <span class='ocrx_word' id='word_1_298' title='bbox 1220 2279 1314 2311; x_wconf 83' lang='lat' dir='ltr'>addit</span> <span class='ocrx_word' id='word_1_299' title='bbox 1332 2291 1363 2311; x_wconf 93' lang='lat' dir='ltr'>v.</span> <span class='ocrx_word' id='word_1_300' title='bbox 1383 2279 1414 2311; x_wconf 91' lang='lat' dir='ltr'>d.</span> <span class='ocrx_word' id='word_1_301' title='bbox 1435 2280 1486 2311; x_wconf 80' lang='lat' dir='ltr'>his</span> <span class='ocrx_word' id='word_1_302' title='bbox 1504 2279 1619 2311; x_wconf 76' lang='lat' dir='ltr'>adiec-</span> 
     </span>
     <span class='ocr_line' id='line_1_35' title="bbox 105 2336 1620 2382; baseline -0.005 -7"><span class='ocrx_word' id='word_1_303' title='bbox 105 2343 216 2375; x_wconf 86' lang='lat' dir='ltr'>tivum</span> <span class='ocrx_word' id='word_1_304' title='bbox 241 2340 427 2374; x_wconf 76' lang='lat' dir='ltr'>sescenaris</span> <span class='ocrx_word' id='word_1_305' title='bbox 451 2339 512 2382; x_wconf 82' lang='lat' dir='ltr'>(ex</span> <span class='ocrx_word' id='word_1_306' title='bbox 548 2339 624 2370; x_wconf 83' lang='lat' dir='ltr'>Liv.</span> <span class='ocrx_word' id='word_1_307' title='bbox 659 2340 715 2379; x_wconf 80' lang='lat'>41,</span> <span class='ocrx_word' id='word_1_308' title='bbox 752 2340 802 2379; x_wconf 85' lang='lat'>15,</span> <span class='ocrx_word' id='word_1_309' title='bbox 840 2337 883 2380; x_wconf 87' lang='lat'>1),</span> <span class='ocrx_word' id='word_1_310' title='bbox 918 2338 1127 2370; x_wconf 85' lang='lat' dir='ltr'>monendum</span> <span class='ocrx_word' id='word_1_311' title='bbox 1167 2342 1218 2369; x_wconf 85' lang='lat' dir='ltr'>est</span> <span class='ocrx_word' id='word_1_312' title='bbox 1254 2337 1357 2368; x_wconf 87' lang='lat' dir='ltr'>huius</span> <span class='ocrx_word' id='word_1_313' title='bbox 1396 2336 1559 2368; x_wconf 73' lang='lat' dir='ltr'>vocabuli</span> <span class='ocrx_word' id='word_1_314' title='bbox 1586 2340 1620 2368; x_wconf 85' lang='lat' dir='ltr'>et</span> 
     </span>
     <span class='ocr_line' id='line_1_36' title="bbox 105 2392 1620 2442; baseline -0.005 -11"><span class='ocrx_word' id='word_1_315' title='bbox 105 2400 276 2442; x_wconf 84' lang='lat' dir='ltr'>originem</span> <span class='ocrx_word' id='word_1_316' title='bbox 323 2403 356 2430; x_wconf 86' lang='lat' dir='ltr'>et</span> <span class='ocrx_word' id='word_1_317' title='bbox 396 2397 690 2440; x_wconf 85' lang='lat' dir='ltr'>significationem</span> <span class='ocrx_word' id='word_1_318' title='bbox 732 2395 946 2427; x_wconf 87' lang='lat' dir='ltr'>obscuritate</span> <span class='ocrx_word' id='word_1_319' title='bbox 985 2396 1176 2427; x_wconf 83' lang='lat' dir='ltr'>involutam</span> <span class='ocrx_word' id='word_1_320' title='bbox 1226 2394 1351 2431; x_wconf 83' lang='lat' dir='ltr'>latere3</span> <span class='ocrx_word' id='word_1_321' title='bbox 1390 2403 1458 2434; x_wconf 86' lang='lat' dir='ltr'>qua</span> <span class='ocrx_word' id='word_1_322' title='bbox 1500 2392 1541 2424; x_wconf 87' lang='lat' dir='ltr'>de</span> <span class='ocrx_word' id='word_1_323' title='bbox 1585 2403 1620 2424; x_wconf 83' lang='lat' dir='ltr'>rc</span> 
     </span>
     <span class='ocr_line' id='line_1_37' title="bbox 106 2449 1621 2494; baseline -0.006 -5"><span class='ocrx_word' id='word_1_324' title='bbox 106 2457 334 2489; x_wconf 83' lang='lat' dir='ltr'>conferantur</span> <span class='ocrx_word' id='word_1_325' title='bbox 362 2455 455 2486; x_wconf 78' lang='lat' dir='ltr'>Livii</span> <span class='ocrx_word' id='word_1_326' title='bbox 481 2454 632 2486; x_wconf 80' lang='lat' dir='ltr'>editores</span> <span class='ocrx_word' id='word_1_327' title='bbox 671 2451 924 2493; x_wconf 71' lang='lat' dir='ltr'>Drakenborch,</span> <span class='ocrx_word' id='word_1_328' title='bbox 962 2454 1019 2494; x_wconf 88' lang='lat' dir='ltr'>qui</span> <span class='ocrx_word' id='word_1_329' title='bbox 1056 2452 1173 2482; x_wconf 81' lang='lat' dir='ltr'>varios</span> <span class='ocrx_word' id='word_1_330' title='bbox 1205 2449 1405 2492; x_wconf 81' lang='lat' dir='ltr'>explicandi</span> <span class='ocrx_word' id='word_1_331' title='bbox 1431 2453 1576 2481; x_wconf 81' lang='lat' dir='ltr'>conatus</span> <span class='ocrx_word' id='word_1_332' title='bbox 1603 2460 1621 2480; x_wconf 91' lang='lat' dir='ltr'>a</span> 
     </span>
     <span class='ocr_line' id='line_1_38' title="bbox 105 2499 1619 2549; baseline -0.006 -4"><span class='ocrx_word' id='word_1_333' title='bbox 105 2514 191 2545; x_wconf 77' lang='lat' dir='ltr'>viris</span> <span class='ocrx_word' id='word_1_334' title='bbox 217 2511 327 2544; x_wconf 80' lang='lat' dir='ltr'>doctis</span> <span class='ocrx_word' id='word_1_335' title='bbox 352 2512 481 2544; x_wconf 83' lang='lat' dir='ltr'>frustra</span> <span class='ocrx_word' id='word_1_336' title='bbox 506 2512 614 2542; x_wconf 85' lang='lat' dir='ltr'>factos</span> <span class='ocrx_word' id='word_1_337' title='bbox 642 2509 836 2548; x_wconf 83' lang='lat' dir='ltr'>adnotavit,</span> <span class='ocrx_word' id='word_1_338' title='bbox 864 2513 900 2541; x_wconf 83' lang='lat' dir='ltr'>et</span> <span class='ocrx_word' id='word_1_339' title='bbox 932 2506 1170 2541; x_wconf 81' lang='lat' dir='ltr'>Weissenborn.</span> <span class='ocrx_word' id='word_1_340' title='bbox 1208 2506 1340 2549; x_wconf 68' lang='lat' dir='ltr'>Madvig</span> <span class='ocrx_word' id='word_1_341' title='bbox 1364 2517 1425 2548; x_wconf 90' lang='lat' dir='ltr'>pro</span> <span class='ocrx_word' id='word_1_342' title='bbox 1453 2499 1619 2537; x_wconf 71' lang='lat' dir='ltr'>‘sescena-</span> 
     </span>
     <span class='ocr_line' id='line_1_39' title="bbox 105 2559 1619 2610; baseline -0.005 -7"><span class='ocrx_word' id='word_1_343' title='bbox 105 2572 154 2603; x_wconf 87' lang='lat' dir='ltr'>ris</span> <span class='ocrx_word' id='word_1_344' title='bbox 188 2562 299 2602; x_wconf 84' lang='lat' dir='ltr'>bovis&#39;</span> <span class='ocrx_word' id='word_1_345' title='bbox 336 2569 369 2600; x_wconf 82' lang='lat' dir='ltr'>h.</span> <span class='ocrx_word' id='word_1_346' title='bbox 401 2569 424 2600; x_wconf 89' lang='lat' dir='ltr'>l.</span> <span class='ocrx_word' id='word_1_347' title='bbox 471 2568 611 2610; x_wconf 85' lang='lat' dir='ltr'>scripsit</span> <span class='ocrx_word' id='word_1_348' title='bbox 650 2559 848 2599; x_wconf 80' lang='lat' dir='ltr'>&#39;sescenarii</span> <span class='ocrx_word' id='word_1_349' title='bbox 885 2562 940 2599; x_wconf 89' lang='lat' dir='ltr'>b.&#39;.</span> <span class='ocrx_word' id='word_1_350' title='bbox 990 2566 1115 2606; x_wconf 87' lang='lat' dir='ltr'>Itaque</span> <span class='ocrx_word' id='word_1_351' title='bbox 1158 2566 1224 2596; x_wconf 81' lang='lat' dir='ltr'>hoc</span> <span class='ocrx_word' id='word_1_352' title='bbox 1258 2564 1481 2602; x_wconf 84' lang='lat' dir='ltr'>vocabulum,</span> <span class='ocrx_word' id='word_1_353' title='bbox 1520 2564 1619 2595; x_wconf 86' lang='lat' dir='ltr'>cuius</span> 
     </span>
     <span class='ocr_line' id='line_1_40' title="bbox 106 2620 1621 2666; baseline -0.005 -7"><span class='ocrx_word' id='word_1_354' title='bbox 106 2628 251 2659; x_wconf 84' lang='lat' dir='ltr'>formam</span> <span class='ocrx_word' id='word_1_355' title='bbox 287 2628 321 2657; x_wconf 90' lang='lat' dir='ltr'>in</span> <span class='ocrx_word' id='word_1_356' title='bbox 355 2626 430 2658; x_wconf 86' lang='lat' dir='ltr'>cod.</span> <span class='ocrx_word' id='word_1_357' title='bbox 464 2625 728 2658; x_wconf 77' lang='lat' dir='ltr'>vindobonensi</span> <span class='ocrx_word' id='word_1_358' title='bbox 767 2632 874 2666; x_wconf 80' lang='lat' dir='ltr'>prave</span> <span class='ocrx_word' id='word_1_359' title='bbox 916 2621 1077 2654; x_wconf 81' lang='lat' dir='ltr'>traditam</span> <span class='ocrx_word' id='word_1_360' title='bbox 1119 2631 1193 2653; x_wconf 81' lang='lat' dir='ltr'>esse</span> <span class='ocrx_word' id='word_1_361' title='bbox 1225 2622 1394 2662; x_wconf 83' lang='lat' dir='ltr'>suspicor,</span> <span class='ocrx_word' id='word_1_362' title='bbox 1434 2620 1477 2651; x_wconf 87' lang='lat' dir='ltr'>ab</span> <span class='ocrx_word' id='word_1_363' title='bbox 1506 2620 1621 2652; x_wconf 86' lang='lat' dir='ltr'>indice</span> 
     </span>
     <span class='ocr_line' id='line_1_41' title="bbox 107 2678 1619 2725; baseline -0.005 -9"><span class='ocrx_word' id='word_1_364' title='bbox 107 2684 370 2725; x_wconf 84' lang='lat' dir='ltr'>adiectivorum,</span> <span class='ocrx_word' id='word_1_365' title='bbox 405 2693 495 2724; x_wconf 84' lang='lat' dir='ltr'>quae</span> <span class='ocrx_word' id='word_1_366' title='bbox 528 2683 540 2715; x_wconf 87' lang='lat' dir='ltr'>l</span> <span class='ocrx_word' id='word_1_367' title='bbox 572 2682 688 2714; x_wconf 82' lang='lat' dir='ltr'>littera</span> <span class='ocrx_word' id='word_1_368' title='bbox 725 2691 792 2712; x_wconf 84' lang='lat' dir='ltr'>non</span> <span class='ocrx_word' id='word_1_369' title='bbox 827 2678 1052 2711; x_wconf 85' lang='lat' dir='ltr'>antecedente</span> <span class='ocrx_word' id='word_1_370' title='bbox 1090 2680 1122 2709; x_wconf 91' lang='lat' dir='ltr'>in</span> <span class='ocrx_word' id='word_1_371' title='bbox 1161 2678 1246 2710; x_wconf 75' lang='lat' dir='ltr'>-aris</span> <span class='ocrx_word' id='word_1_372' title='bbox 1283 2678 1445 2710; x_wconf 82' lang='lat' dir='ltr'>suffixum</span> <span class='ocrx_word' id='word_1_373' title='bbox 1480 2682 1619 2718; x_wconf 80' lang='lat' dir='ltr'>exeunt,</span> 
     </span>
     <span class='ocr_line' id='line_1_42' title="bbox 107 2738 615 2774; baseline -0.004 -2"><span class='ocrx_word' id='word_1_374' title='bbox 107 2739 361 2774; x_wconf 78' lang='lat' dir='ltr'>excludendum</span> <span class='ocrx_word' id='word_1_375' title='bbox 388 2749 461 2772; x_wconf 86' lang='lat' dir='ltr'>esse</span> <span class='ocrx_word' id='word_1_376' title='bbox 486 2738 615 2771; x_wconf 87' lang='lat' dir='ltr'>iudico.</span> 
     </span>
    </p>
   </div>
  </div>
 </body>
</html>
