1833 3048
815 83 1104 122 —33—

292 200 486 242 scribor
517 198 559 240 V
593 201 645 238 42
674 199 911 250 Antiquam
947 201 1144 255 oppidum
1179 202 1224 243 in
1254 202 1332 243 luto
1361 202 1497 255 fuisse
1523 199 1733 244 Saturnia

175 271 377 313 scribitur
410 268 488 322 [sic
519 267 637 317 libri3
672 270 721 313 in
751 270 826 312 hoc
850 305 856 312 .
884 305 891 313 .
917 304 924 311 .
956 271 1210 314 Saturniam
1235 305 1241 313 .
1268 304 1276 313 .
1311 270 1350 311 B
1382 273 1427 312 et
1460 270 1603 324 vulg.].

293 341 678 383 animadvertor
709 339 785 380 III
818 343 941 392 16,3Ο
975 357 1002 385 α
1032 342 1221 385 mollario
1254 356 1349 384 cum
1380 342 1425 384 id
1455 343 1601 397 fecisse
1632 347 1735 386 sum

174 412 524 463 animadversam·
555 409 659 451 item
694 410 761 453 VI
795 414 870 462 353
905 411 998 454 VII
1033 415 1098 451 73.

295 479 594 522 Accusativus
628 492 663 521 c.
686 479 761 521 inf.
785 493 1091 532 nonnunquam
1123 480 1259 523 etiam
1291 484 1382 523 tum
1410 481 1618 523 scribitur
1640 493 1736 524 cum

177 551 356 594 verbum
390 549 580 602 dicendi,
622 550 734 601 quod
766 563 900 593 causa
931 551 1016 593 fuit
1048 554 1097 593 ut
1130 564 1273 594 accus.
1308 564 1343 594 c.
1376 551 1452 594 inf.
1486 555 1734 606 poneretur,

176 621 221 662 in
261 620 490 663 enuntiato
534 620 801 663 intercalato
843 621 1018 675 legitur.
1081 623 1241 674 Itaque
1285 634 1379 664 cum
1422 622 1507 664 dici
1544 622 1736 675 potuerit

181 695 259 734 aut
296 692 384 740 „Te
417 691 544 734 audio
579 691 720 734 dicere
759 695 804 734 te
842 692 1030 736 vidisse“
1068 695 1146 735 aut
1183 692 1393 745 ,‚Vidisti‚
1434 696 1484 735 ut
1521 696 1567 736 te
1606 692 1735 735 audio

179 762 364 815 dicere“,
400 762 587 815 scriptor
619 762 853 805 commixta
885 766 1071 815 utraque
1105 765 1329 805 structura
1362 763 1444 805 hac
1473 763 1610 806 forma
1632 776 1735 806 usus

178 835 247 874 est
286 834 341 876 Ut
371 838 409 876 te
440 835 568 877 mulio
601 835 767 877 dicere.
794 868 802 877 .
828 869 836 877 .
860 839 897 877 te
928 835 1081 878 vidisse
1113 837 1196 876 etc.
1233 834 1301 889 (II
1332 832 1461 889 10,8).
1525 833 1738 877 Similiter

176 903 254 945 III
287 906 354 955 6,ss
392 907 501 945 extr.
546 905 677 956 Quem
708 906 788 947 cito
819 907 949 948 secuti
980 906 1105 948 multi
1137 906 1381 948 extulerunt
1413 920 1556 948 eorum
1579 907 1735 960 pretia,

179 975 239 1017 itu
275 978 323 1017 ui
362 989 437 1017 oeci
469 989 612 1017 eorum
643 976 836 1018 denariis
867 980 1047 1019 veneant
1074 977 1238 1030 quinis,
1272 977 1355 1030 ipsi
1377 977 1503 1031 facile
1524 978 1734 1030 quinqua-

175 1046 315 1100 yenis,
367 1060 474 1100 gyrex
527 1047 799 1089 centenarius
839 1047 965 1101 facile
1005 1047 1278 1102 quadrayena
1314 1047 1438 1090 inilia
1469 1048 1661 1090 sestertia
1691 1051 1739 1090 ut

177 1117 340 1170 reddat,
381 1121 428 1158 ut.
465 1117 632 1167 quidem
662 1117 874 1160 Abuccius
912 1118 1064 1170 aiebat,
1104 1118 1143 1160 si
1174 1117 1224 1160 in
1255 1118 1446 1173 sinyulos
1478 1122 1619 1160 ternos
1651 1118 1737 1160 exi-

176 1191 288 1241 qeret
325 1187 486 1240 pullos,
532 1188 688 1242 perfici
729 1203 939 1243 seoeaqe‘na
980 1202 1124 1242 posse;
1173 1198 1297 1238 quem
1345 1186 1484 1228 locum
1527 1186 1739 1240 exscripsi

179 1256 292 1307 quod
329 1260 509 1309 propter
539 1269 579 1300 v.
614 1263 662 1301 ut
692 1292 699 1301 .
732 1288 739 1297 ·
770 1259 904 1302 aiebat
934 1256 1176 1300 infinitivus
1215 1256 1384 1310 positus
1418 1260 1486 1299 est
1524 1269 1600 1310 pro
1640 1270 1737 1300 con-

310 1420 343 1465 a)
371 1420 617 1455 enuntiata
649 1420 1007 1464 interrogativa:
1040 1420 1055 1454 I
1088 1420 1144 1463 69,
1178 1420 1200 1453 2
1231 1430 1334 1464 quem
1366 1420 1429 1464 qui
1458 1423 1553 1455 esset
1576 1421 1737 1456 animad-

181 1482 321 1514 vertere
346 1479 384 1513 in
419 1478 523 1513 turba
555 1490 628 1513 non
655 1480 843 1525 potuisse;
873 1479 922 1514 V1
956 1480 1001 1513 53
1029 1480 1140 1524 finem
1166 1507 1173 1513 .
1203 1506 1209 1513 .
1237 1505 1244 1512 .
1273 1506 1279 1513 .
1307 1482 1392 1512 sunt
1421 1478 1526 1524 effati
1557 1483 1594 1514 ut
1625 1484 1739 1523 esset,-

182 1537 215 1572 X
232 1539 251 1571 2
282 1564 289 1572 .
311 1564 317 1570 .
338 1564 344 1571 .
361 1536 600 1571 declarabunt
620 1537 827 1582 ctiialoqictm
841 1542 876 1572 et
892 1537 1122 1579 anomaliam,
1149 1537 1244 1572 uncle
1262 1538 1316 1578 sit,
1344 1536 1431 1582 quid
1455 1537 1510 1579 sit,
1537 1538 1740 1573 cuiusmodi

179 1597 247 1637 sit;
271 1596 305 1631 Χ
332 1597 376 1630 29
403 1597 436 1631 si
460 1596 542 1630 illos
568 1596 751 1631 breviores
777 1624 784 1632 .
812 1623 819 1631 .
848 1623 855 1631 .
882 1608 988 1642 quam
1015 1596 1115 1641 lonqi
1138 1596 1209 1631 sint
1234 1596 1393 1641 z‘qnores.

301 1655 395 1690 Item
421 1655 457 1689 in
485 1654 631 1699 passivo
664 1655 746 1699 (cfr.
773 1655 846 1690 Cic.
875 1656 951 1691 Fin.
979 1656 1010 1690 V
1037 1655 1057 1701 ξ
1085 1657 1129 1689 58
1162 1658 1200 1689 ut
1225 1654 1340 1700 plane
1367 1654 1488 1700 qualia
1514 1655 1587 1690 sint
1610 1655 1738 1690 intelli-

184 1715 334 1759 quntur)
367 1714 423 1748 111
459 1715 520 1756 17,
557 1715 575 1748 1
611 1714 727 1759 coepti
764 1718 848 1748 sunt
878 1726 900 1748 a
931 1725 1115 1760 praecone
1148 1714 1266 1748 reeini
1295 1725 1398 1759 quem
1431 1725 1593 1759 qzmeque
1625 1714 1739 1750 tribus

179 1773 312 1819 fecerit
337 1772 488 1807 aedilem
497 1786 510 1814 ;
545 1773 573 1806 V
589 1774 634 1808 33
667 1773 827 1808 incertus
853 1773 945 1816 (scil.
973 1774 1077 1818 ager)
1110 1774 1141 1808 is
1167 1774 1230 1818 qui
1259 1773 1302 1807 de
1328 1772 1383 1808 leis
1409 1777 1579 1818 quattuor
1603 1773 1667 1819 qui
1691 1773 1738 1808 sit

180 1832 395 1876 iqnoratuoe
429 1831 617 1866 Simillime
645 1832 712 1865 VII
739 1834 777 1877 3;
811 1832 862 1867 VI
899 1834 942 1866 27
977 1831 1144 1866 calcentur
1171 1860 1178 1867 .
1206 1859 1213 1867 .
1242 1860 1248 1867 .
1283 1831 1410 1866 Nonae
1437 1860 1443 1867 .
1473 1859 1480 1867 .
1508 1858 1514 1866 .
1542 1832 1737 1877 quintanae

183 1902 230 1925 an
259 1891 484 1936 septimanae
510 1891 583 1925 sint
603 1891 776 1936 futurae,·
802 1891 853 1925 IX
869 1891 915 1925 43
935 1891 1103 1936 perspici
1120 1890 1314 1925 similitudo
1334 1893 1458 1936 potest
1481 1901 1605 1926 eorum
1632 1902 1736 1937 quam

182 1950 251 1984 vim
279 1949 431 1991 habeat;
456 1950 509 1984 IX
537 1951 603 1984 103
630 1960 699 1995 qua
726 1953 912 1995 assumpta
939 1950 1032 1993 (scil.
1058 1949 1226 1993 formula)
1253 1949 1393 1995 reliqua
1415 1949 1570 1995 facilius
1590 1951 1739 1995 possint

185 2009 303 2043 videri
327 2009 455 2052 verba,
491 2008 587 2043 unde
613 2009 686 2043 sint
709 2008 908 2050 declinatu;
943 2009 1030 2043 item
1057 2009 1090 2042 V
1118 2009 1185 2043 120
1217 2008 1357 2054 reliqua
1383 2008 1478 2054 quod
1503 2013 1630 2054 aperta
1656 2012 1739 2043 sunt

186 2067 282 2102 irride
308 2069 382 2103 sint
405 2067 592 2113 relinquo;
628 2071 712 2111 post
738 2067 1005 2102 substantivum
1032 2067 1179 2102 verbale
1197 2067 1235 2100 II
1256 2070 1284 2110 1,
1310 2069 1355 2102 14
1377 2078 1396 2102 e
1422 2072 1590 2113 quattuor
1622 2067 1738 2102 altera

185 2137 281 2171 pars
307 2131 361 2161 est
385 2127 538 2172 coquitio
561 2127 708 2173 formae
734 2127 1015 2171 uniuscuiusque
1037 2125 1198 2171 pecudis,
1225 2125 1342 2170 qualis
1368 2126 1421 2160 sit.

297 2185 333 2230 b)
361 2185 614 2220 enuntiata
647 2184 833 2219 finalia:
868 2185 1046 2228 Exempla
1078 2191 1266 2219 enumerat
1297 2184 1391 2219 Keil.
1418 2184 1441 2218 1.
1470 2195 1497 2220 c.
1554 2184 1611 2220 Ex
1634 2185 1737 2220 libris

185 2243 229 2278 de
255 2244 277 2278 1.
305 2244 326 2278 l.
355 2255 426 2278 non
459 2243 575 2278 habeo
610 2253 699 2286 quos
733 2243 830 2277 locos
863 2243 992 2277 addam
1027 2244 1139 2287 (quod
1171 2254 1214 2277 ex
1245 2243 1436 2286 utriusque
1472 2243 1591 2287 operis
1617 2243 1738 2279 indole

185 2302 297 2336 facile
324 2302 541 2347 apparebit).
589 2303 668 2337 Non
694 2307 794 2337 recte
821 2307 941 2336 autem
974 2308 1062 2345 puto
1090 2301 1247 2336 Keilium
1273 2302 1295 2336 l.
1323 2302 1345 2337 l.
1373 2301 1483 2337 etiam
1511 2302 1600 2337 haec
1625 2303 1738 2338 verba

184 2361 423 2405 adscripsisse
456 2361 492 2395 11
523 2362 561 2404 9,
589 2363 610 2395 2
640 2360 735 2403 Quid
765 2360 879 2395 dicam
908 2360 950 2395 (le
972 2371 1107 2405 pecore
1131 2361 1293 2395 maiore?
1319 2372 1397 2395 eum
1423 2361 1534 2395 seium
1560 2361 1738 2396 mulorum

182 2431 347 2465 qreqem,
383 2431 459 2454 cum
480 2424 700 2465 pasceretur
726 2424 759 2453 et
791 2430 832 2453 eo
858 2419 1012 2454 venisset
1037 2419 1155 2464 lupus,
1182 2419 1275 2453 ultro
1309 2419 1424 2454 mulos
1450 2420 1738 2466 circumfluxisse

181 2482 215 2513 et
239 2479 386 2524 tumulis
411 2478 596 2514 caedendo
623 2490 702 2513 eum
720 2478 905 2519 occidisse,
933 2477 993 2512 ubi
1019 2477 1190 2512 infinitivi
1216 2478 1507 2524 circumfluxisse
1534 2478 1737 2514 subiectum

179 2541 266 2572 ante
301 2549 379 2572 cum
414 2538 704 2572 coniunctionem
736 2537 895 2581 positum
927 2541 1011 2581 post
1045 2537 1274 2571 enuntiatum
1308 2537 1508 2581 temporale
1540 2537 1736 2582 perspicui-

178 2596 270 2630 tatis
298 2606 408 2630 csusa
433 2596 631 2640 repetitum
659 2601 716 2631 est
742 2597 821 2640 (nec
847 2606 933 2630 vero
960 2594 1138 2629 mulorum
1163 2606 1309 2640 qreqem
1335 2595 1467 2630 iterum
1495 2595 1654 2640 scripsit,
1674 2597 1751 2644 sed,

178 2654 340 2689 breviter
376 2654 518 2697 mulos).
570 2654 761 2689 Simillima
794 2654 910 2699 igitur
943 2654 1089 2688 videtur
1127 2658 1313 2688 structura
1348 2664 1427 2689 esse
1461 2654 1567 2689 huius
1600 2655 1670 2690 loci
1704 2655 1738 2690 V

179 2715 266 2748 149:
300 2713 388 2748 Piso
408 2742 415 2748 .
437 2741 443 2748 .
463 2713 586 2748 scribit
604 2740 610 2747 .
631 2742 637 2749 .
659 2741 665 2749 .
685 2714 799 2748 virum
828 2713 1068 2758 fortissimum
1087 2712 1245 2746 Mettium
1274 2712 1432 2748 Curtium
1453 2712 1637 2756 Sabinum,
1657 2725 1736 2748 eum

177 2771 348 2806 Romulus
371 2783 450 2807 eum
461 2772 538 2806 suis
555 2782 604 2806 eoe
615 2772 804 2817 superiore
824 2775 933 2816 parte
951 2771 1224 2816 impressionem
1238 2771 1398 2817 fecisset,
1422 2771 1580 2806 Curtium
1600 2774 1737 2818 (quam-

180 2840 285 2873 quam
324 2830 507 2875 scriptura
550 2841 619 2866 non
655 2830 745 2866 satis
782 2835 883 2864 certa
926 2835 992 2872 est,
1035 2840 1114 2865 cum
1148 2829 1295 2865 deficiat
1332 2830 1408 2866 cod.
1435 2831 1550 2876 Flor.;
1592 2830 1736 2866 Curtius

177 2888 352 2932 praebent
379 2889 605 2934 apographa)
632 2889 669 2924 in
698 2887 812 2923 locum
832 2887 1064 2933 palustrem.
1086 2915 1092 2924 .
1114 2916 1120 2923 .
1149 2888 1343 2924 secessisse
1371 2892 1440 2925 etc.

1473 2960 1494 2993 3
