1787 3043
726 367 865 420 Cap.
911 367 1022 410 IV.

751 483 1002 530 Dativus

294 596 322 647 ξ
355 591 401 635 ll.
460 594 518 635 De
557 593 598 635 vi
631 594 672 635 et
702 605 782 635 usu
812 593 945 634 dativi
976 592 1176 635 universe
1208 592 1464 648 disputatur.

269 685 329 726 De
375 685 503 726 dativi
548 685 718 737 propria
756 686 796 725 vi
841 690 882 725 et
926 684 1066 725 indole
1098 690 1258 737 quanta
1289 685 1398 725 inter
1428 696 1502 725 eos
1535 685 1627 736 qui-

133 766 317 805 cumque
363 766 539 794 casuum
588 753 806 794 doctrinae
839 753 939 793 dent
971 765 1147 805 operam
1180 753 1264 793 iam
1298 753 1461 804 pridem
1492 756 1629 793 exstet

133 821 354 872 dissensio,
402 822 468 861 vix
513 826 577 862 est
623 821 737 874 quod
782 833 995 861 moneam.
1055 821 1161 861 Nam
1210 825 1254 860 ut
1289 821 1625 872 praetermittam

133 890 365 930 sententias
408 894 600 930 veterum
645 889 1037 940 grammaticorum,
1083 889 1153 941 qui
1185 889 1355 941 quidem
1386 900 1411 928 a
1444 900 1625 940 graecae

134 958 300 1009 linguae
345 970 523 998 casuum
569 957 735 1010 syntaxi
781 956 959 1009 profecti
990 956 1076 997 fere
1110 968 1278 1008 semper
1310 956 1361 997 de
1393 956 1534 997 dativo
1567 956 1627 996 la—

132 1026 220 1065 tino
265 1037 466 1077 perversa
510 1025 674 1066 ratione
712 1025 965 1073 iudicarunt,
1000 1024 1157 1065 nostris
1188 1023 1450 1076 temporibus
1481 1028 1623 1064 utrum

133 1093 278 1133 localis
323 1093 573 1146 significatio
619 1093 760 1133 dativo
793 1093 1030 1145 linguarum
1062 1091 1506 1143 indogermanicarum
1538 1092 1630 1132 vin-

134 1162 316 1202 dicanda
361 1162 414 1202 sit
448 1174 584 1203 necne
621 1162 827 1202 acerrime
860 1162 968 1202 inter
999 1161 1113 1201 viros
1146 1160 1416 1201 doctissimos
1449 1165 1513 1201 est
1544 1160 1629 1200 dis-

133 1234 362 1282 ceptatum.
409 1230 581 1270 Plurimi
612 1230 723 1271 enim
756 1230 941 1281 vestigiis
973 1229 1182 1280 Rumpelii
1214 1229 1479 1281 aliorumque
1511 1241 1630 1280 pres-

134 1299 203 1349 sis,
251 1299 321 1351 qui
353 1299 521 1351 quidem
553 1299 594 1339 id
625 1303 812 1350 egerant,
846 1302 890 1338 ut
921 1298 963 1338 in
997 1298 1139 1338 dativo
1171 1297 1301 1337 latino
1334 1297 1417 1336 vim
1449 1297 1630 1338 localem

134 1379 220 1407 non
266 1366 393 1407 fuisse
440 1367 795 1418 demonstrarent,
842 1366 895 1407 ad
940 1366 1266 1418 grammaticam
1308 1378 1436 1417 quam
1468 1370 1627 1406 vocant

132 1435 351 1475 notionem
384 1435 750 1487 comprobandam
781 1435 922 1487 potius
943 1434 1159 1475 inclinant.
1205 1434 1317 1474 Inter
1338 1446 1412 1474 eos
1435 1435 1505 1486 qui
1527 1447 1631 1487 syn-

132 1503 217 1543 taxi
248 1504 403 1544 latinae
434 1503 717 1544 incubuerunt
748 1503 947 1544 Kueliner
981 1503 1049 1542 Ill
1076 1516 1113 1555 p.
1132 1503 1212 1543 ‘226
1231 1515 1321 1555 sqq.
1338 1506 1475 1543 totum
1494 1514 1632 1543 enun-

132 1572 284 1613 tiatum
316 1576 462 1613 censet
499 1572 640 1612 dativo
671 1572 730 1612 ita
761 1571 934 1622 definiri,
967 1575 1013 1612 ut
1044 1571 1111 1612 hic
1144 1583 1270 1611 casus
1301 1583 1530 1622 personam
1562 1571 1634 1611 vel

133 1653 223 1681 rem
256 1653 365 1693 quae
396 1641 451 1681 ad
481 1640 719 1681 subiectum
735 1640 869 1681 relata
892 1641 943 1680 sit
961 1640 1150 1692 quodam
1174 1639 1301 1680 modo
1319 1639 1435 1680 verbi
1455 1639 1634 1680 actione

134 1710 251 1761 tangi
282 1709 449 1760 indicet,
483 1709 550 1749 cui
580 1709 770 1761 proxime
802 1709 1083 1761 adstipulatur
1100 1707 1364 1749 Schmalzius
1381 1721 1418 1759 p.
1437 1708 1519 1747 424
1539 1719 1634 1759 sqq.

134 1776 199 1817 Ad
244 1777 397 1818 horum
428 1778 684 1818 sententiam
715 1789 847 1829 prope
879 1777 1090 1817 accedens
1122 1775 1309 1827 Draeger
1338 1775 1353 1815 Ι
1384 1789 1420 1827 p.
1451 1776 1531 1817 401
1567 1788 1632 1827 sq.

136 1845 336 1896 dativum,
384 1858 481 1886 cum
527 1845 666 1886 verbis
710 1845 940 1886 transitivis
973 1845 1194 1897 appositus
1226 1848 1367 1885 motus
1399 1843 1527 1884 finem
1559 1855 1634 1884 ex-

136 1914 302 1966 primat,
335 1914 448 1966 apud
478 1918 631 1967 poetas
662 1914 1033 1966 posteriorumque
1065 1917 1255 1954 aetatum
1287 1913 1516 1964 scriptores
1540 1923 1634 1952 ma-

136 1983 198 2033 gis
223 1983 442 2034 magisque
465 1983 644 2023 localem
663 1986 860 2022 naturam
878 1982 1166 2033 adsumpsisse
1183 1981 1298 2021 addit
1314 1981 1359 2034 1).
1407 1980 1490 2021 Sed
1507 1980 1634 2031 longe

138 2050 191 2091 ab
230 2051 278 2090 iis
315 2050 512 2091 omnibus
559 2050 811 2091 dissentiunt
841 2050 1031 2091 nonnulli
1063 2074 1117 2078 ——
1148 2049 1338 2089 Brealius
1370 2047 1578 2088 Deeckius
1597 2050 1632 2098 2)

274 2186 300 2225 ¹)
339 2185 503 2219 Ceterum
539 2186 746 2219 conferatur
781 2185 821 2220 G.
852 2183 1154 2228 Landgrafius
1180 2184 1253 2216 Der
1278 2183 1430 2216 Dativus
1456 2181 1636 2214 commodi

139 2241 211 2274 und
237 2241 299 2274 der
326 2242 476 2275 Dativus
501 2242 621 2275 finalis
646 2243 711 2275 mit
736 2242 838 2274 ihren
864 2241 1042 2275 Abarten.
1092 2240 1202 2273 Arch.
1227 2240 1314 2273 VIII
1340 2250 1398 2281 pp.
1423 2238 1569 2271 39—145.

275 2300 301 2342 2)
326 2298 389 2332 Cfr
414 2299 473 2332 Gr.
497 2310 531 2342 p.
557 2300 622 2331 168
648 2299 666 2343 ξ
694 2300 776 2331 263ῑ
802 2299 874 2331 Der
900 2297 1073 2330 Wemfall
1100 2297 1147 2330 ist}
1171 2295 1423 2339 urspritnglich
1441 2296 1498 2328 ein
1515 2298 1636 2327 raum—

138 2355 250 2388 licher
286 2355 376 2397 Fau,
414 2355 477 2388 der
514 2356 577 2389 auf
612 2355 668 2388 die
694 2355 809 2398 Frage
833 2354 976 2387 wohin?
1003 2353 1066 2388 das
1091 2353 1170 2387 Ziel
1195 2352 1352 2396 angiebt‚
1379 2363 1424 2385 an
1450 2351 1529 2384 dem
1555 2351 1636 2383 eine

138 2412 339 2455 Bewegung
375 2423 439 2445 zur
475 2412 578 2445 Ruhe
614 2412 760 2446 kommt.
810 2411 861 2444 Er
900 2412 945 2444 ist
983 2410 1078 2443 daun
1113 2410 1176 2443 der
1200 2408 1443 2453 gewohnliche
1469 2408 1548 2441 Fall
1575 2406 1637 2440 der

139 2468 382 2502 entfernteren
419 2468 637 2512 Ergitnzung
671 2468 724 2501 als
748 2468 825 2501 Ziel
851 2468 947 2500 einer
972 2466 1184 2510 Thatigkeit
1209 2466 1274 2499 auf
1297 2465 1353 2498 die
1379 2465 1493 2507 Frage
1511 2463 1636 2507 wem'?;

141 2525 259 2558 ferner
284 2525 382 2568 giebt
408 2535 445 2558 er
470 2525 527 2558 (lie
551 2525 687 2558 Person
711 2535 767 2567 an,
793 2535 837 2557 zu
863 2523 971 2557 deren
997 2523 1139 2556 Nutzen
1165 2522 1252 2555 oder
1276 2521 1451 2562 Schadm,
1478 2520 1537 2553 fiir
1551 2519 1637 2553 oder

140 2591 252 2624 gegen
290 2581 347 2614 die
384 2585 491 2614 etwas
528 2581 714 2625 geschieht
749 2580 909 2616 (dativus
939 2579 1110 2613 commodi
1135 2581 1168 2612 et
1192 2577 1430 2619 inconwzodi).
1480 2576 1635 2610 Endlich

141 2638 349 2672 bezeichnet
373 2648 410 2670 er
435 2637 503 2671 den
527 2637 655 2671 Zweck
681 2638 779 2670 einer
804 2636 1001 2680 Handlung
1028 2636 1093 2670 auf
1119 2635 1175 2670 (lie
1200 2636 1316 2679 Frage
1330 2633 1450 2668 wozu?
1468 2655 1510 2658 —
1526 2633 1634 2666 Prac-

140 2702 240 2728 terea
264 2694 385 2728 videas
411 2695 453 2728 E.
478 2705 510 2736 p.
537 2695 604 2727 340
629 2705 680 2736 sq.
706 2694 725 2738 ξ
752 2694 829 2726 20¹3.
