1833 3048
763 78 1054 114 -53—

130 190 275 234 verbis
299 204 384 233 non
416 203 514 232 raro
539 191 787 233 sollemnem
811 191 1001 233 ordinem
1028 191 1217 244 reliquit,
1251 192 1294 234 id
1316 192 1514 235 nimirum
1546 205 1681 246 agens

130 266 180 304 ut
213 263 294 304 duo
317 261 394 303 illa
425 261 599 303 nomina
622 272 798 313 quorum
827 261 1014 304 alterum
1047 274 1100 304 ex
1123 262 1262 304 altero
1285 262 1494 317 originem
1527 263 1682 304 ducere

133 332 333 386 legentes
366 331 520 373 edocet
553 342 679 383 quam
712 331 903 385 proxime
935 332 1052 375 inter
1083 345 1129 375 se
1163 336 1367 386 apponat.

247 402 405 454 Itaque
448 401 517 446 VI
563 406 611 441 15
657 413 751 444 cum
788 402 965 456 legatur
1007 403 1254 447 Fordicidia
1295 420 1321 447 α
1358 405 1495 459 sordis
1536 405 1677 447 bubus.

128 473 216 516 Bos
246 474 369 528 forda
404 486 510 526 quae
539 474 624 528 fert
662 474 711 516 in
744 479 885 517 ventre
915 486 999 515 non
1037 472 1226 515 sufficiet
1269 473 1506 516 adnotasse
1539 473 1681 515 adiec-

129 542 268 585 tivum
308 555 345 593 q.
388 554 422 584 e.
462 544 613 598 fordus
653 541 723 584 hic
764 543 1025 586 antecedere
1065 543 1225 585 nomini
1266 544 1557 597 substantivo,
1590 544 1681 586 illic

128 612 261 665 sequi,
297 612 374 655 sed
405 612 500 665 ipsa
533 612 756 655 sententia
788 614 1109 666 postulabatur,
1150 618 1199 656 ut
1236 614 1280 656 in
1318 614 1461 668 priore
1492 614 1679 657 membro

127 696 153 725 a
184 683 394 726 vocabulo
428 698 466 736 q.
501 696 536 726 e.
569 685 831 733 Fordicidia,
873 683 916 725 in
950 684 1089 726 altero
1129 697 1155 726 a
1186 687 1353 741 ferendi
1385 685 1518 727 verbo
1551 697 1678 736 quam

126 754 299 797 minimo
331 754 565 796 intervallo
599 754 799 796 distaret.
852 753 1018 796 Eadem
1051 754 1103 797 de
1135 767 1269 797 causa
1301 756 1351 797 Π
1387 760 1422 808 1,
1458 758 1506 795 11
1543 758 1680 800 omnis

118 827 328 882 pecuniae
352 840 482 880 pecus
502 827 834 881 fhmdamentmn
865 824 1095 878 genetivus
1119 838 1145 867 a
1165 825 1335 868 nomine
1368 838 1391 868 e
1413 838 1495 878 quo
1517 825 1679 878 pendet

126 898 356 949 separatus
380 896 459 937 est.
499 894 712 938 Similiter
733 895 801 939 VI
825 900 846 935 5
878 897 927 939 ab
963 911 1006 939 eo
1038 911 1104 940 res
1135 897 1269 940 dietae
1304 898 1454 941 dubiae
1490 912 1680 952 crepe‘rae

125 966 389 1009 adiectivum
420 967 600 1010 dubiae
630 968 862 1018 propterea
896 978 921 1007 a
944 966 1154 1008 vocabulo
1186 982 1264 1010 res
1287 965 1510 1010 divellitur
1540 970 1589 1008 ut
1622 967 1678 1008 ad

124 1049 273 1081 vocem
306 1052 537 1091 creperae
569 1036 728 1089 apponi
760 1035 912 1088 possit.
968 1035 1074 1078 Cum
1098 1039 1244 1078 autem
1277 1040 1503 1089 utrumque
1532 1036 1675 1079 adiec-

127 1107 265 1150 tivum
289 1109 526 1160 prematur,
562 1106 656 1148 duri
679 1106 843 1157 aliquid
875 1106 917 1148 in
942 1118 1136 1148 sermone
1157 1106 1274 1148 inest
1303 1107 1396 1160 (sed
1428 1107 1586 1149 efficax
1609 1110 1677 1149 est

127 1179 237 1220 haec
268 1177 366 1230 ipsa
399 1176 611 1229 durities),
652 1189 744 1219 cum
778 1177 821 1218 111
853 1176 1071 1229 perpolita
1094 1177 1336 1219 elocutione
1367 1177 1433 1219 ita
1465 1177 1678 1221 vocabula

125 1246 292 1299 disponi
336 1246 522 1294 soleant,
566 1250 615 1288 ut
657 1250 792 1291 atona
834 1247 944 1288 bene
987 1246 1181 1300 dispersa
1220 1248 1309 1290 sint
1347 1260 1424 1301 per
1462 1247 1678 1292 vocabula

125 1330 219 1360 cum
267 1330 370 1359 sono
417 1318 724 1371 pronuntiata3
773 1317 849 1360 cfr.
899 1317 1270 1371 Seyffert-Miiller
1318 1319 1373 1360 ad
1416 1318 1505 1361 Cic.
1551 1318 1675 1360 Lael,

122 1401 165 1441 p.
200 1391 252 1428 49
288 1387 423 1441 etcfl).

242 1457 328 1501 Sed
350 1458 458 1500 haec
490 1470 630 1510 pauca
654 1461 755 1500 sunt
778 1471 831 1500 ex
852 1459 964 1501 nube
987 1459 1277 1511 exemplorum
1307 1471 1417 1511 quae
1440 1458 1676 1501 ostendunt

123 1532 391 1581 quantopere
409 1529 634 1571 verborum
655 1528 884 1571 collocatio
902 1529 1208 1582 perspicuitati
1221 1529 1431 1572 orationis
1443 1529 1672 1573 inserviat.

835 1656 859 1713 ξ
893 1661 959 1698 52.

241 1739 355 1781 Nam
387 1738 431 1781 in
463 1751 623 1793 graeca
654 1739 803 1793 lingua
843 1744 888 1782 et
926 1740 970 1782 in
1008 1739 1149 1782 latina
1188 1752 1280 1782 cum
1313 1740 1539 1783 verborum
1573 1740 1674 1783 ordo

121 1823 204 1852 non
237 1813 328 1851 tam
361 1809 564 1864 angustis
597 1809 808 1852 limitibus
848 1810 1051 1852 defini-tus
1090 1810 1149 1852 sit
1182 1821 1309 1861 quam
1341 1809 1386 1852 in
1418 1810 1481 1853 eis
1512 1810 1673 1865 linguis

121 1881 274 1932 quibus
312 1880 437 1922 huius
478 1880 645 1922 aetatis
683 1881 830 1933 populi
865 1884 1059 1923 utuntur.
1099 1884 1248 1922 tamen
1287 1904 1341 1910 —
1381 1893 1437 1922 an
1482 1880 1672 1923 dicemus

119 1951 304 1993 rectius:
338 1954 517 2003 propter
553 1950 666 1992 hanc
698 1950 836 2003 ipsam
870 1963 1047 1994 causam
1087 1951 1199 2003 quod
1237 1950 1281 1992 in
1319 1950 1404 1992 illis
1444 1951 1546 1993 ordo
1578 1964 1670 1993 ver-

120 2023 270 2064 borum
310 2021 450 2075 magis
491 2033 544 2063 ex
577 2021 801 2073 scriptoris
835 2021 1018 2063 arbitrio
1057 2021 1218 2074 pendet
1256 2033 1383 2073 quam
1418 2033 1470 2062 ex
1502 2020 1671 2075 legibus

119 2105 198 2134 usu
238 2091 450 2133 communi
492 2090 676 2133 sancitis
712 2116 761 2122 —-
807 2092 915 2134 haec
956 2092 1140 2133 libertas
1181 2104 1257 2144 pro
1301 2103 1466 2133 summa
1504 2092 1672 2134 virtute

121 2161 317 2203 ducenda
350 2164 430 2203 est.
482 2162 662 2203 Mutata
695 2161 805 2203 enim
838 2162 1065 2204 verborum
1089 2160 1377 2204 collocatione
1410 2161 1544 2203 etiam
1577 2174 1671 2204 sen-

119 2231 311 2273 tentiam
344 2231 490 2284 paullo
520 2231 741 2273 immutari
772 2244 898 2284 posse
933 2233 1148 2286 (mutatur
1180 2231 1270 2275 scil.
1305 2231 1372 2274 vis
1405 2231 1672 2286 singularum

243 2348 270 2391 ¹)
298 2347 376 2381 Non
409 2346 525 2381 minus
559 2346 788 2391 perspicuum
822 2350 879 2381 est
913 2358 976 2382 cur
1009 2348 1042 2381 ll
1077 2349 1132 2391 3‚5
1165 2359 1228 2392 pro
1264 2347 1388 2381 ordine
1431 2348 1671 2392 grammatico

119 2416 220 2439 nemo
247 2416 363 2439 scmus
390 2405 457 2448 (sic
484 2405 577 2440 enim
603 2405 681 2440 fere
708 2415 849 2449 semper
875 2405 1017 2449 Cicero,
1051 2406 1114 2440 cfr.
1142 2406 1325 2450 Mergueti
1350 2405 1505 2450 lexicon)
1532 2411 1671 2442 contra-

121 2464 214 2497 rium
243 2464 402 2498 ordinem
429 2464 592 2507 posuerit
618 2475 753 2509 capras
786 2475 900 2498 sanas
932 2476 1047 2499 scmus
1079 2476 1181 2499 nemo
1208 2465 1393 2510 promittit.
1444 2464 1546 2499 Talis
1577 2466 1671 2500 enim

118 2522 210 2555 lusio
238 2522 274 2555 in
301 2522 461 2556 eiusdem
487 2523 546 2557 vel
573 2522 701 2557 similis
734 2521 868 2556 radicis
902 2522 1088 2558 vocabulis
1123 2523 1213 2558 bene
1248 2533 1327 2557 cum
1351 2522 1526 2558 Varronis
1551 2522 1671 2559 indole

122 2581 302 2624 congruit,
330 2580 393 2615 cfr.
422 2591 450 2615 e.
471 2592 506 2625 g.
536 2582 549 2614 I
577 2582 659 2623 37‚4
687 2580 797 2614 videt.
815 2609 821 2615 .
837 2580 969 2615 (lolium
996 2592 1038 2615 cce
1055 2581 1211 2615 modium
1231 2580 1416 2625 (similiter
1433 2591 1498 2615 nos
1519 2581 1669 2625 „Kisten

116 2638 189 2672 und
214 2638 409 2683 Kasten“);
436 2638 491 2672 III
520 2640 595 2680 ’2,11
623 2638 712 2683 quid
744 2640 836 2674 enim
863 2640 977 2684 refert
1008 2643 1126 2674 utrum
1146 2642 1303 2684 propter
1329 2650 1412 2673 oves
1438 2650 1485 2673 (m
1513 2644 1667 2684 propter

119 2707 202 2730 aves
225 2697 372 2741 fraccas
406 2697 556 2742 capias?
588 2697 698 2732 multa
733 2697 815 2732 alia.
866 2697 945 2732 Non
977 2707 1060 2732 raro
1095 2707 1180 2732 sane
1214 2697 1373 2732 eiusdem
1401 2697 1528 2741 stirpis
1561 2708 1668 2733 voces

116 2765 186 2789 non
213 2754 362 2788 consilio
390 2755 452 2788 sed
477 2755 713 2799 neglegentia
739 2755 919 2799 repetitae
947 2761 1040 2798 sunt,
1067 2756 1170 2790 velut
1197 2756 1211 2788 I
1239 2756 1320 2797 312
1347 2756 1509 2800 primum
1543 2767 1586 2790 ac
1612 2767 1667 2790 se-

116 2812 269 2846 cundum
298 2839 304 2845 .
332 2840 339 2847 .
368 2838 375 2846 .
403 2812 617 2857 relinquere,
652 2813 809 2858 reliquos
843 2814 1049 2858 decerpere,
1094 2825 1138 2848 ne
1173 2813 1305 2848 relictis
1339 2814 1474 2848 colibus
1508 2819 1595 2859 etc.;
1632 2815 1666 2848 II

116 2872 172 2913 7‚9
199 2870 428 2915 (adclucere);
454 2871 541 2906 VIII
569 2873 612 2906 39
663 2873 793 2917 (sequi)
821 2878 888 2908 etc.
