1833 3048
789 72 1080 108 -51-

162 186 303 228 utitur
334 185 479 229 verbis
504 188 703 237 proptera
737 185 854 238 quod,
894 185 982 226 ideo
1015 186 1122 239 qaod
1153 187 1235 228 etc.
1284 185 1471 228 Rariora
1504 185 1708 229 videntur

161 256 264 298 mihi
296 257 405 298 haec
437 268 552 298 esse:
586 255 636 297 ΙΙ
671 259 735 303 8,1
770 268 840 296 vos
871 260 967 296 ante
993 256 1054 297 ire
1075 269 1156 297 rnon
1172 256 1328 308 patiar,
1362 260 1583 312 antequam
1607 287 1616 295 .
1641 289 1650 297 .
1676 271 1708 307 .,·

159 327 210 369 II
241 326 376 379 praef.
415 330 437 367 6
472 329 558 366 tam
590 339 682 367 cum
706 358 714 365 .
741 358 748 366 .
773 325 976 367 elassibus
1001 340 1239 378 praeessem
1272 327 1415 379 (zVI
1449 328 1538 379 95);
1581 327 1606 368 I
1639 330 1706 379 2,2

159 396 278 438 voltis
308 398 465 438 interea
489 428 496 436 .
524 430 530 436 .
554 409 803 449 *usurpemus
825 396 923 436 dam
948 429 956 437 .
982 428 990 437 .
1014 397 1152 438 venit?
1174 396 1268 451 (cfr.
1293 400 1377 439 sat.
1402 396 1454 439 fr.
1483 401 1581 451 1033
1615 397 1706 440 Oic.

158 467 272 509 Phil.
315 467 365 509 Π
412 471 511 519 107;
554 466 654 509 vide
696 466 944 509 Hauschild
984 480 1024 519 p.
1070 466 1191 522 284);
1235 468 1259 509 Ι
1303 471 1401 521 40,4
1442 467 1488 508 iot
1520 468 1569 520 fit
1608 471 1707 516 tam,

158 541 392 594 antequam.
419 569 428 578 .
455 571 460 577 .
487 569 494 576 .
867 596 890 647 ἓ

895 626 904 634 .
939 599 1005 637 41.

278 666 496 710 Sermonis
530 665 741 709 cotidiani
772 665 1035 718 loquacitati
1068 666 1381 709 adscribendus
1416 679 1512 709 esse
1535 666 1710 710 videtur

158 750 261 781 usus
303 737 511 780 adiectivi
551 737 606 779 ad
645 737 970 780 substantivum
1003 737 1317 781 deminutivum
1350 738 1552 791 appositi,
1587 738 1708 782 velut

159 810 210 851 II
244 813 341 862 5,1i
373 808 563 850 bestiolae
590 808 793 863 quaedam
820 808 1024 858 wainatae,
1058 808 1134 850 ΠΙ
1159 812 1253 861 5,11
1278 808 1404 850 rivolo
1427 809 1560 860 tenua&
1591 809 1661 854 VI
1685 813 1707 849 8

149 880 275 933 parvi
306 879 461 920 circuli.

276 949 570 992 Abundanter
612 949 789 991 additur
831 949 1095 993 adiectivum
1134 963 1172 1002 q.
1217 962 1252 992 e.
1297 949 1448 991 alias:
1493 950 1517 991 I
1561 953 1627 1002 9‚3
1662 950 1710 991 de

157 1020 254 1062 aliis
283 1020 501 1073 yenertbus
534 1019 723 1072 reliquis;
755 1020 831 1062 ΠΙ
867 1025 935 1068 5,2
970 1033 1061 1061 eam
1092 1034 1135 1061 eo
1167 1020 1353 1061 adiciant
1372 1023 1592 1072 praeterea
1614 1034 1710 1062 aves

156 1091 265 1132 alias
313 1104 478 1143 quoque.
546 1088 759 1131 Similiter
797 1090 1114 1144 coniunguntur
1156 1104 1293 1132 omnes
1332 1093 1376 1133 et
1418 1091 1604 1132 universi
1634 1091 1711 1133 ΠΙ

157 1166 224 1214 2,5
269 1174 406 1203 omues
449 1161 631 1202 omnium
672 1161 891 1202 mzioersae
934 1161 1138 1202 Reatinae
1180 1164 1225 1204 et
1267 1162 1317 1203 X
1353 1165 1402 1201 10
1443 1161 1491 1202 cle
1523 1161 1710 1203 omnibus

155 1232 362 1274 uuiversis
395 1231 716 1273 discriminibus.

272 1303 342 1345 De
383 1302 567 1345 formula
608 1301 839 1343 cuiusmodi
871 1334 878 1342 .
905 1302 1151 1356 ,fructumve
1190 1315 1341 1356 yenera
1383 1303 1475 1356 (IX
1519 1306 1588 1354 27)
1631 1302 1707 1345 cfr.

157 1373 356 1416 Welffiin
386 1372 523 1415 Arch.
557 1373 625 1418 VI
662 1376 740 1414 103
776 1376 821 1415 et
855 1372 1058 1415 Schmalz
1091 1372 1191 1416 Stil.
1227 1376 1249 1425 ξ
1285 1377 1395 1424 67,2.

276 1444 352 1486 ΠΙ
389 1447 513 1497 17,19
545 1444 725 1485 minores
756 1447 856 1485 sawt
887 1443 1184 1497 mayaitmline.

870 1562 893 1613 ξ
927 1565 995 1602 42.

275 1632 361 1676 Sed
392 1632 578 1675 nondum
601 1631 744 1674 omnia
767 1632 1057 1684 exhausimus,
1090 1644 1191 1674 nam
1217 1632 1352 1674 etiam
1375 1632 1455 1675 hoc
1476 1645 1553 1686 pro
1577 1633 1709 1675 abun-

157 1703 311 1746 dantia
350 1703 647 1756 accipiendum
687 1705 755 1745 est
798 1703 910 1755 quod
946 1703 997 1745 Π
1038 1707 1132 1753 10,9
1171 1703 1335 1757 legitur
1367 1704 1513 1759 quibas
1550 1717 1705 1745 mos..

153 1788 236 1816 raon
282 1774 496 1827 derteyavit
528 1805 536 1813 .
563 1806 570 1814 .
593 1777 640 1814 ut
690 1774 998 1815 succumberent
1027 1807 1035 1816 .
1062 1808 1068 1814 .
1094 1777 1132 1815 et
1176 1774 1429 1815 iaeomitatis
1474 1777 1519 1814 at
1564 1773 1711 1827 vayari

156 1844 306 1893 liceret,
354 1845 461 1886 item
509 1844 621 1897 quod
668 1845 743 1886 IX
792 1849 843 1885 65
893 1844 1102 1897 scriptum
1151 1848 1219 1887 est
1256 1844 1473 1896 postulant
1514 1847 1708 1896 oportere.

159 1915 327 1957 Tamen
371 1914 448 1957 alii
490 1927 656 1968 quoque
699 1915 934 1968 scriptores
966 1915 1125 1957 similia
1159 1915 1382 1968 exhibent,
1424 1927 1525 1956 nam
1558 1914 1711 1957 Cicero

160 1985 398 2028 structuris
436 1986 559 2028 velut
591 1986 673 2027 hac
706 1985 940 2027 comeditur
971 1989 1017 2026 at
1048 1985 1169 2027 liceat
1199 1986 1294 2038 plus
1328 1985 1462 2027 semel
1493 1997 1595 2027 usus
1628 1987 1708 2038 est,

155 2055 232 2098 cfr.
257 2056 442 2098 Kiihner
472 2070 512 2109 p.
542 2060 670 2110 10503
705 2055 811 2098 item
835 2055 1061 2098 Cornelius
1084 2056 1231 2108 Nepos
1262 2054 1438 2108 scripsit
1453 2055 1711 2107 permitteret

156 2130 203 2167 ut
224 2159 230 2166 .
253 2157 261 2165 .
286 2127 423 2168 liceret
445 2126 520 2169 cfr.
536 2127 685 2180 Lupus
707 2124 1029 2181 ‘spi-achgebr?
1054 2139 1093 2179 p.
1113 2130 1195 2167 204
1220 2129 1329 2168 extr.
1350 2126 1592 2168 Praeterea
1610 2125 1709 2169 vide

154 2197 356 2239 Ribbeck
389 2197 445 2239 ad
478 2197 625 2240 Plaut.
659 2197 752 2240 Mil.
787 2197 895 2251 glor.
920 2197 1027 2251 Arg.
1050 2197 1074 2239 Ι
1105 2210 1145 2240 V.
1175 2201 1216 2250 73
1250 2199 1296 2238 et
1325 2195 1525 2239 Schmalz
1551 2199 1573 2247 ξ
1598 2200 1708 2247 67,2.

273 2267 448 2321 Duplex
479 2269 657 2311 verbum
691 2268 900 2320 scriptum
933 2271 1002 2310 est
1035 2267 1170 2310 etiam
1201 2268 1226 2309 Ι
1260 2270 1357 2320 2,24
1393 2266 1576 2318 Suscipit
1598 2265 1710 2311 ,Stolo

156 2337 231 2386 Ta,
265 2339 412 2391 inquit,
446 2339 618 2381 invides.
646 2373 654 2382 .
681 2373 688 2382 .
712 2339 829 2382 Item
853 2338 1005 2382 Livius
1028 2339 1122 2384 VII
1150 2342 1245 2392 16,5
1269 2337 1473 2379 exclamat
1490 2361 1546 2366 —
1561 2336 1708 2390 inquit.

799 2574 967 2627 Caput
999 2574 1061 2617 II.

609 2643 680 2689 De
713 2644 957 2689 sermonis
990 2643 1255 2688 brevitate.

872 2728 894 2779 g
929 2730 997 2767 43.

273 2796 370 2837 Iam
410 2796 613 2839 absoluta
654 2797 909 2849 quaestione
949 2796 1001 2838 de
1035 2795 1320 2849 abundantia,
1355 2795 1579 2840 videamus
1612 2810 1707 2840 eam

154 2877 244 2908 rem
293 2878 402 2919 quae
445 2867 543 2911 huic
585 2867 785 2922 opposita
818 2870 905 2922 est,
940 2867 1217 2911 brevitatem.
1274 2867 1359 2922 Qui
1391 2871 1537 2912 autem
1569 2880 1708 2912 recor-
