1833 3048
787 54 1078 91 —63—

153 167 372 221 scriptura
403 168 449 210 in
481 167 655 210 dubium
689 170 850 210 vocata
883 170 981 210 erat
1015 169 1069 210 ab
1101 167 1429 221 interpretibus.
1494 167 1704 211 Similiter

154 238 335 292 scripsit
368 239 511 283 Varro
544 236 613 279 VI
653 242 704 278 55
745 239 808 282 Ab
847 241 984 282 eodem
1018 274 1025 282 .
1053 274 1060 282 .
1087 273 1094 282 .
1127 239 1322 284 Fallacia
1354 255 1459 294 quae
1482 244 1706 295 propterea

155 311 264 363 quod
304 311 437 366 fando
469 324 590 364 quem
621 310 772 364 decipit
804 324 852 353 uo
883 314 1032 353 contra
1064 324 1189 364 quam
1220 311 1330 353 diaeit
1361 308 1516 366 facit&-

273 379 483 422 Oratores
529 377 714 430 simplici
756 379 888 421 verbo
932 381 1073 431 inquit
1109 379 1176 420 uti
1212 379 1257 420 in
1289 378 1521 421 afferendis
1554 378 1704 422 adver-

152 448 279 502 sarii,
314 461 436 501 quem
475 448 559 502 ipsi
583 448 666 491 sibi
703 448 893 503 fingunt,
927 449 1073 492 verbis
1115 448 1181 504 (eo
1213 448 1412 491 nimirum
1445 448 1623 491 consilio
1655 451 1705 491 ut

155 519 420 561 sententiam
453 518 537 561 sibi
569 518 812 572 oppositam
843 518 1071 573 refellant)
1095 531 1148 560 ex
1171 518 1393 561 Ciceronis
1415 519 1538 561 libris
1569 519 1704 572 philo-

153 588 342 642 sophicis
390 592 538 632 notum
587 593 676 642 est3
724 588 802 631 cfr.
850 589 1036 631 Kiihner
1075 602 1115 642 p.
1160 594 1198 629 4.
1262 588 1335 632 Sic
1382 589 1515 631 etiam
1562 589 1704 634 Varro

148 659 224 701 IX
271 663 347 701 48:
394 659 512 714 Cum,
556 661 715 714 inquit,
765 661 965 703 utilitatis
1007 675 1136 703 causa
1176 661 1419 703 introducta
1460 661 1514 703 sit
1556 662 1703 715 oratio,

152 732 413 782 sequendum
445 732 528 771 etc.
563 728 612 772 O.
645 729 805 772 Miiller
836 729 1036 771 ediderat
1068 731 1288 785 inquiunt.

274 800 496 854 Singulari
533 800 704 842 ratione
743 800 867 842 deest
907 799 1147 842 subiectum
1179 800 1230 842 II
1259 803 1377 850 4,16:
1410 801 1561 855 Itaque
1592 803 1706 857 apud

151 873 365 916 Plautum
394 874 443 915 in
466 873 782 925 Menaechimis,
813 887 908 914 cum
934 872 1141 915 insanum
1169 887 1288 926 quem
1308 876 1447 926 putat,
1478 876 1525 914 ut
1546 873 1703 927 pietur,

150 944 199 986 in
233 944 380 998 oppido
401 943 645 997 Epidamno
680 944 936 998 interrogat:
966 939 1135 996 ‘qminti
1165 943 1232 985 liic
1246 943 1368 997 porci
1389 947 1493 986 sant
1513 941 1701 986 saeres?'

274 1012 544 1067 Quibusdam
577 1012 682 1054 locis
715 1012 839 1054 verbi
860 1011 973 1053 finiti
996 1011 1231 1065 singularis
1263 1011 1514 1054 referendus
1546 1016 1616 1054 est
1648 1013 1705 1055 ad.

151 1082 314 1125 animal
359 1095 413 1125 ne
451 1082 495 1124 id
533 1082 703 1135 quidem
744 1095 949 1135 expresso
988 1082 1200 1125 vocabulo
1239 1084 1373 1124 antea
1405 1085 1701 1125 memoratum.

152 1153 226 1197 Sic
257 1154 308 1196 II
344 1157 454 1206 1,23,
488 1156 719 1207 postquam
751 1153 851 1195 inde
884 1166 910 1195 a
943 1155 1040 1205 §21
1077 1152 1348 1196 enumeravit
1381 1153 1534 1205 quibus
1567 1153 1704 1207 signis

151 1224 321 1277 pecoris
359 1224 496 1266 morbi
538 1223 739 1278 cognosci
776 1223 963 1276 possint,
1003 1223 1066 1266 sic
1103 1223 1249 1277 pergit
1293 1223 1494 1276 scriptor:
1539 1226 1703 1269 curatio

150 1300 292 1338 autem
325 1329 332 1336 .
370 1330 377 1338 .
411 1296 532 1338 liaeo:
576 1296 883 1351 perfunditur
920 1310 1033 1350 aqua
1070 1300 1108 1338 et
1137 1296 1431 1351 perunyuitur
1463 1296 1546 1338 oleo
1580 1327 1588 1336 .
1625 1326 1632 1334 .
1667 1300 1703 1339 et

148 1367 247 1408 item
280 1366 364 1409 cibo
397 1367 634 1409 sustinetur
659 1389 706 1395 —
734 1364 824 1406 scil.
860 1377 911 1407 ea
943 1377 1074 1417 pecus
1107 1377 1217 1416 quae
1249 1365 1394 1406 morbo
1427 1363 1586 1407 affecta
1619 1368 1700 1407 est.

267 1435 344 1477 ΠΙ
390 1440 482 1484 15‚1
529 1437 772 1479 Glirarium
812 1471 819 1478 .
862 1471 870 1479 .
910 1437 1111 1479 dissimili
1151 1437 1318 1480 ratione
1359 1437 1550 1490 liabetur,
1594 1438 1703 1491 quod

150 1521 241 1550 non
287 1522 398 1561 aqua
445 1508 515 1550 sed
561 1508 746 1550 maceria
787 1508 900 1549 locus
941 1508 1153 1562 saepitur,
1199 1511 1285 1550 tota
1328 1508 1406 1550 levi
1449 1508 1586 1563 lapide
1627 1511 1702 1550 aat

147 1579 316 1620 tectorio
349 1579 611 1621 intrinsecus
645 1579 924 1631 incrustatur,
965 1592 1019 1621 ne
1057 1593 1108 1620 ex
1145 1592 1193 1621 ea
1225 1592 1386 1632 erepere
1415 1579 1576 1633 possit
1608 1576 1698 1619 scil.

142 1648 226 1703 ylis
266 1647 377 1699 quod
420 1647 677 1689 vocabulum
720 1646 1062 1688 subaudiendum
1105 1659 1158 1689 ex
1188 1659 1228 1689 v.
1262 1649 1516 1704 firmium,-
1555 1647 1701 1699 paullo

146 1716 262 1759 infra
295 1717 459 1771 legitur
491 1720 604 1763 ande
631 1720 770 1762 saturi
795 1719 914 1773 fiant
945 1717 1036 1759 scil.
1066 1719 1206 1774 fflires.

266 1788 343 1829 III
375 1789 444 1841 4,3
477 1790 551 1832 Em
581 1790 638 1832 iis
671 1788 783 1843 (scil.
824 1788 989 1830 duobus
1029 1787 1271 1830 ornithonis
1303 1788 1553 1843 generibus)
1587 1791 1702 1833 tertii

147 1860 318 1915 gleneris
358 1860 490 1902 roluit
527 1875 611 1903 esse
642 1860 853 1903 Lucullus
891 1861 1166 1903 coniunctum
1204 1861 1430 1913 aviarium,
1465 1861 1573 1914 quod
1603 1862 1702 1915 fecii

148 1930 198 1973 in
247 1929 512 1984 Tusculano,
556 1935 603 1973 ut
641 1932 691 1974 in
729 1931 866 1973 eodem
897 1934 998 1973 tecto
1037 1931 1279 1973 ornithonis
1316 1931 1532 1973 inclusum
1567 1932 1700 1974 tricli-

147 2001 273 2044 nium
304 2001 481 2054 liaberet,
520 2002 591 2044 ubi
623 2001 795 2043 delicate
832 2001 1034 2043 cenitaret
1065 2005 1102 2043 et
1139 2001 1267 2043 alios
1298 2002 1454 2044 videret
1485 2003 1534 2045 in
1564 2017 1700 2045 maeo-

147 2085 270 2114 nomo
296 2072 456 2126 positos
488 2076 630 2119 coctos,
665 2072 771 2115 alios
802 2072 976 2114 volitare
1008 2073 1167 2114 circam
1193 2073 1402 2126 fenestras
1434 2077 1583 2126 captos.
1627 2071 1700 2114 Ad

146 2152 186 2183 v.
221 2142 353 2185 alios
384 2141 667 2194 supplendum
701 2141 924 2183 turdorum
946 2153 1100 2182 nomeu
1123 2140 1195 2192 qui
1217 2142 1540 2183 commemorati
1571 2146 1700 2185 erant

145 2210 219 2253 ubi
250 2211 387 2253 verba
418 2211 585 2254 fiebant
625 2211 678 2253 de
717 2211 904 2253 secundo
947 2211 1189 2254 ornithonis
1226 2223 1403 2265 genere,
1437 2212 1623 2255 nondum
1654 2212 1697 2255 in

146 2293 198 2323 ea
229 2285 357 2334 parte
390 2294 500 2333 quae
534 2281 586 2324 de
618 2281 753 2324 tertio
785 2294 944 2336 genere
977 2284 1058 2324 est.

261 2351 461 2404 Denique
503 2364 557 2395 ex
597 2364 704 2396 voce
743 2365 782 2404 q.
817 2365 852 2395 e.
895 2354 1157 2397 monimenta
1198 2351 1473 2406 intelligendi
1514 2356 1617 2396 sunt
1657 2354 1698 2397 ei

147 2421 343 2464 homines
386 2423 539 2475 quibus
582 2422 763 2465 mortuis
801 2422 879 2464 illa
917 2426 1195 2465 monumenta
1233 2426 1462 2465 exstructa
1494 2427 1598 2466 sunt
1630 2425 1698 2470 VI

147 2496 222 2534 49:
256 2495 318 2536 sic
350 2492 461 2547 (scil.
497 2506 523 2535 a
555 2493 761 2535 memoria
801 2492 921 2534 dicta
963 2491 1085 2547 sunt)
1120 2494 1388 2537 Monimenta
1419 2507 1527 2545 qaae
1560 2496 1608 2539 in
1637 2511 1696 2539 se-

135 2565 315 2619 pulcris,
351 2568 388 2607 et
418 2565 509 2608 ideo
541 2566 773 2608 seeundum
795 2565 907 2607 riam
936 2576 1015 2615 quo
1029 2565 1345 2619 praetereuntis
1375 2565 1629 2610 admoneant
1660 2571 1697 2610 et

142 2649 191 2678 se
221 2636 357 2690 fuisse
388 2639 426 2678 et
456 2636 551 2679 illos
584 2651 667 2679 esse
698 2636 901 2678 mortalis.

241 2738 272 2782 ¹)
298 2737 399 2772 Haec
418 2738 581 2783 exempla
599 2738 718 2773 omnia
736 2738 895 2773 eiusdem
914 2736 996 2771 libri
1011 2747 1102 2781 esse,
1118 2748 1161 2772 ex
1179 2737 1312 2773 ceteris
1328 2737 1431 2773 libris
1448 2738 1549 2774 nulla
1567 2749 1694 2784 suppe-

146 2799 244 2840 tere,
276 2806 345 2831 non
380 2796 511 2831 mirum
542 2797 744 2839 videbitur,
777 2797 869 2831 siin
894 2795 1102 2830 memoriam
1135 2796 1203 2830 tibi
1235 2796 1465 2832 revocaveris
1497 2797 1627 2833 disseri
1652 2809 1694 2834 eo

142 2854 235 2889 libro
265 2854 330 2899 „de
356 2855 539 2891 vocabulis
564 2859 763 2901 temporum
789 2858 823 2889 et
847 2864 971 2889 earum
999 2864 1119 2889 rerum
1146 2865 1238 2899 quae
1264 2855 1300 2889 in
1327 2855 1466 2900 aqendo
1489 2857 1614 2900 fiunt.“
