1833 3048
780 83 837 136 13

52 215 100 253 cf.
131 212 354 252 Buecheler
384 215 456 253 Rh.
488 215 588 252 Mus.
618 215 706 252 XX.
737 226 773 260 p.
807 216 883 249 414
914 214 1040 251 adnot.
1075 216 1111 258 9,
1142 214 1205 259 qui
1236 213 1403 250 codicum
1434 212 1563 248 lectio-

52 294 137 320 nem
166 275 337 319 ‘mussati'
371 292 440 327 pro
477 275 659 326 ‘invitati',
701 291 810 327 quam
850 275 970 315 Riese
1013 281 1238 327 coniecerat,
1270 279 1433 315 Varroni
1462 281 1563 314 recte

50 349 263 386 vindicavit.
293 370 300 377 ι

163 414 236 451 Sed
263 417 304 451 ut
332 415 407 450 iam
439 413 658 450 accedamus
687 412 736 450 ad
766 413 884 458 ipsam
915 412 1186 458 quaestionem,
1218 421 1330 457 quam
1367 410 1562 456 proposui-

50 491 148 517 mus:
190 480 425 525 exploratum
465 483 522 516 est
552 484 697 516 veteres
737 488 819 515 cum
848 479 1034 514 Varronis
1070 478 1279 514 doctrinam
1321 480 1357 513 et
1401 476 1563 520 antiqui-

49 548 139 584 tat-is
168 547 419 594 cognitionem
448 546 642 591 permagni
681 546 924 581 aestimarent
965 543 1061 588 (Cic.
1099 544 1204 580 Brut.
1246 544 1306 587 15,
1351 544 1418 587 (503
1458 541 1563 578 acad.

50 617 148 659 post.
187 615 221 655 1,
254 613 287 657 3,
333 613 387 656 9),
429 611 592 647 eiusdem
633 611 778 647 dicendi
819 621 935 656 genus
975 610 1197 646 imitandum
1237 619 1317 645 esse
1364 618 1564 653 numquam

50 679 232 716 iudicasse
266 677 333 724 (cf.
367 677 492 723 Quint.
528 678 587 723 10,
624 680 657 725 1,
693 678 762 722 953
800 677 1001 722 Augustin.
1033 675 1073 712 C.
1105 674 1152 710 D.
1185 679 1221 720 45,
1253 671 1312 723 2).
1344 673 1452 718 Quod
1481 683 1562 708 cuin

49 746 104 782 ita
133 746 191 790 sit,
224 745 355 791 negari
383 748 510 780 tamen
541 744 669 789 nequit
700 743 856 789 singulis
885 724 1008 778 verbis
1035 743 1101 776 aut
1144 744 1247 777 recte
1285 745 1322 776 et
1350 743 1564 776 constanter

51 812 197 848 novat-is
226 815 292 848 aut
322 821 367 846 ex
407 820 546 856 graeca
589 810 718 856 lingua
753 808 946 844 translatis
986 808 1132 853 copiam
1172 807 1324 852 linguae
1364 805 1504 841 latinae
1544 816 1565 841 a

50 877 225 914 Varrone
273 881 423 914 auctam
470 887 564 912 esse.
623 875 770 912 Multae
822 874 970 920 quidem
1001 873 1259 910 Varronianae
1306 870 1563 908 formationes.

50 954 147 990 quae
176 943 329 980 nimiam
358 943 559 979 vetustatis
587 940 746 987 speciem
775 951 866 986 prae
894 951 932 976 se
962 938 1088 976 ferunt
1118 935 1183 988 (de
1223 938 1356 984 quibus
1396 937 1564 974 conferas

51 1009 146 1047 Gell.
187 1012 252 1051 20,
303 1012 365 1056 11,
407 1007 470 1044 11111
510 1007 665 1053 exponit
705 1006 750 1042 de
790 1005 916 1042 verbis
957 1005 1135 1050 sordidis3
1182 999 1356 1040 Gerlach
1394 1003 1564 1050 prolegg.

51 1075 99 1112 ad
127 1075 247 1112 Lucil.
278 1085 314 1120 p.
350 1071 445 1123 105)
476 1083 498 1109 a
529 1072 802 1119 posterioribus
842 1072 1117 1118 spernebantur
1147 1074 1184 1107 et
1214 1070 1400 1106 oblivione
1432 1069 1565 1105 obrue-

50 1140 190 1177 bantur
227 1145 291 1178 aut
323 1151 345 1177 a
382 1138 631 1186 scriptoribus
674 1138 828 1175 infimae
869 1139 1016 1175 demum
1053 1138 1252 1174 latinitatis
1290 1137 1327 1172 in
1371 1139 1564 1181 aspectum

51 1207 246 1254 lucemque
276 1205 585 1252 proferebantur.

162 1273 265 1318 Quae
295 1284 354 1309 res
395 1273 530 1309 clarius
569 1272 820 1317 perspicietur
864 1282 909 1307 ex
950 1281 995 1307 ea
1037 1280 1132 1315 quae
1174 1271 1344 1316 sequitur
1390 1268 1563 1315 opusculi

52 1343 172 1385 parte.
204 1340 246 1375 In
276 1339 346 1376 hac
377 1340 475 1375 enim
505 1339 662 1385 singulis
699 1337 821 1375 verbis
851 1337 898 1373 ad
929 1336 1091 1383 speciem
1121 1337 1443 1382 terminationum‚
1483 1335 1563 1380 qui-

53 1406 121 1442 bus
149 1404 312 1442 formata
341 1409 437 1451 sunt,
469 1405 699 1441 enumeratis
741 1404 932 1447 adnotavi,
968 1403 1066 1449 apud
1104 1414 1196 1449 quos
1235 1402 1407 1448 quodque
1451 1411 1560 1437 voca-

52 1472 179 1508 bulum
210 1473 416 1517 scriptores
456 1472 689 1517 posteriores
720 1473 874 1516 praeter
905 1470 1114 1506 Varronem
1136 1472 1296 1505 extaret.
1357 1468 1412 1503 Ac
1442 1468 1563 1513 primo

52 1538 133 1574 loco
163 1542 469 1584 pertractentur:

676 1724 955 1770 NOMINA

543 1838 791 1864 SUBSTANTIVA
812 1840 839 1868 a)
861 1836 1076 1862 MASCULJNA.

765 1926 784 1975 ᾗ
821 1930 852 1963 1.

163 1998 269 2035 Inter
337 1996 572 2034 substantiva
626 1993 829 2030 masculina
893 1992 1024 2029 suffixo
1078 1995 1154 2026 -tu-
1211 2002 1234 2028 a
1291 1990 1413 2027 verbis
1468 1989 1564 2026 deri-

55 2069 142 2102 vata
186 2064 366 2102 nonnulla
407 2063 506 2108 apud
550 2061 760 2098 Varronem
810 2063 1025 2103 occurrunt,
1073 2068 1168 2104 quae
1213 2068 1294 2094 cum
1332 2056 1430 2102 apud
1470 2056 1565 2093 hunc

56 2142 171 2169 unum
200 2131 442 2167 inveniantur
483 2139 602 2175 neque
639 2132 792 2174 praeter
831 2126 984 2163 ablativi
1022 2124 1222 2171 singularis
1262 2123 1566 2159 terminationem

57 2199 174 2235 ullam
212 2197 325 2234 aliam
356 2195 542 2241 accepisse
573 2193 783 2238 videantur,
824 2193 987 2229 maxima
1015 2201 1061 2227 ex
1090 2195 1198 2237 parte
1227 2200 1249 2226 a
1269 2190 1442 2226 Varrone
1473 2189 1567 2225 veri-

55 2265 170 2311 loquii
200 2274 312 2300 causa
341 2261 467 2299 efficta
496 2270 577 2297 esse
605 2271 725 2306 neque
754 2270 917 2305 unquam
955 2259 993 2293 in
1022 2268 1130 2293 usum
1171 2266 1405 2293 communem
1443 2258 1566 2292 trans-

56 2331 146 2367 iisse
185 2330 364 2375 suspicor.
406 2327 479 2365 Sed
516 2327 586 2363 hoc
629 2327 712 2363 ideo
747 2327 870 2372 potius
909 2325 1069 2361 divinari
1098 2334 1207 2370 quani
1237 2326 1342 2359 certo
1385 2320 1566 2357 affirmari

58 2400 197 2444 potest,
249 2395 345 2442 quod
391 2395 429 2430 in
465 2398 571 2430 tanta
609 2404 718 2438 quam
758 2403 824 2428 nos
862 2391 1014 2427 fecimus
1050 2389 1232 2426 librorum
1272 2390 1415 2424 iactura
1458 2386 1567 2423 facile

58 2462 139 2500 fieri
169 2464 303 2509 potuit,
331 2465 372 2498 ut
401 2472 488 2498 casu
519 2460 680 2506 quodam
712 2461 746 2494 in
777 2460 822 2494 iis
851 2459 940 2495 solis
971 2458 1034 2503 (1111
1075 2456 1182 2492 nobis
1226 2455 1366 2490 servati
1403 2457 1488 2490 sunt
1527 2453 1568 2488 li—

60 2530 136 2567 bris
157 2529 227 2565 hoc
256 2527 322 2578 vel·
358 2527 450 2563 illud
480 2526 633 2563 verbum
666 2525 779 2562 semel
809 2529 955 2561 tantum
985 2522 1213 2559 traderetur.
1246 2521 1283 2556 Si
1314 2529 1401 2555 vcro
1418 2523 1569 2565 praeter

61 2596 265 2633 ablativum
308 2594 508 2640 singularis
537 2593 683 2629 numeri
714 2591 807 2627 alios
836 2602 943 2628 casus
972 2601 1013 2626 re
1043 2599 1134 2625 vera
1163 2599 1235 2623 non
1267 2587 1433 2623 extitisse
1472 2585 1567 2621 iudi-

61 2673 201 2703 camus,
232 2661 293 2697 ille
322 2661 400 2696 sine
430 2659 541 2696 dubio
571 2659 618 2695 ad
647 2658 858 2703 analogiam
888 2657 1029 2712 formae
1059 2654 1180 2699 supini
1210 2653 1245 2689 II
1274 2654 1312 2689 in
1344 2664 1368 2687 ιι
1399 2651 1567 2688 exeuntis

62 2726 316 2765 conformatus
346 2731 413 2762 est.
