1833 3048
1019 104 1064 138 18

278 240 433 273 succus:
476 239 546 272 sat.
576 233 623 271 fr.
658 236 731 272 199
763 234 824 282 (R.
860 237 947 280 145,
993 234 1034 283 4)
1074 231 1190 273 'suctu
1232 236 1381 274 candidi
1427 233 1557 284 lactis'‚
1587 250 1683 286 quae
1714 251 1783 275 vox

359 304 510 348 praeter
540 300 640 337 huno
668 300 791 338 locum
821 312 893 337 non
924 301 1064 347 legitur
1095 302 1162 338 nisi
1193 301 1293 347 apud
1322 302 1496 349 Plinium,
1529 306 1590 351 qui
1613 315 1696 342 eam
1718 307 1784 343 ad-

358 369 460 405 misit
489 367 538 403 H.
568 367 614 404 N.
646 369 668 403 8
701 368 789 413 (54)
826 368 898 403 127
930 362 1076 413 'pedum
1118 363 1255 411 suctu';
1302 371 1323 405 9
1355 370 1440 413 (48)
1483 372 1528 406 91
1570 365 1782 408 'numeroso

357 428 498 479 suctu'3
543 435 590 470 10
622 430 713 481 (63)
750 435 824 470 129
853 429 998 471 ‘bibunt
1038 445 1124 471 aves
1154 430 1288 476 suctu}
1325 437 1373 472 10
1404 434 1487 481 (98)
1520 438 1595 472 211
1626 431 1782 474 isuetum

359 495 551 537 imitatur'.

278 564 483 603 *vim-tus:
518 567 562 604 R.
582 565 627 602 R.
659 566 688 612 Ι,
722 568 759 613 8,
792 569 813 603 6
846 561 1021 613 'pendere
1052 569 1087 604 in
1109 568 1234 614 palma
1262 573 1326 605 aut
1349 568 1511 605 funiculo
1541 572 1606 605 aut
1638 565 1784 613 vinctu',

359 633 457 679 quod
485 644 516 669 V.
548 643 734 679 nusquam
765 632 855 670 alibi
884 634 1033 674 inveni:
1066 633 1112 669 cf.
1135 634 1235 680 apud
1256 635 1414 672 eundem
1446 634 1651 672 Varronem
1673 636 1716 672 1..
1742 636 1783 672 L.

356 700 400 744 V,
434 700 497 745 62,
530 696 690 744 υίηείιός
722 698 812 736 ibid.
844 696 1045 735 vinctura.

388 766 448 802 Ex
478 766 524 801 iis
554 766 592 802 iu
620 769 728 801 witus
756 764 1011 811 substantivis,
1045 777 1140 812 quae
1167 766 1214 802 ad
1231 766 1513 803 similitudinem
1536 767 1741 804 verbalium
1763 780 1784 804 a

359 831 802 884 verbisdenominativis
833 833 871 868 in
902 842 986 868 -are
1014 831 1270 869 derivatorum
1309 843 1330 869 a
1359 831 1570 870 nominibus
1607 833 1785 871 videntur

357 896 528 944 profecta
547 908 642 942 esse,
664 898 764 934 velut
793 897 1007 934 tribunatus
1037 895 1260 945 (tribuno-),
1291 898 1532 944 pontificatus
1551 895 1784 946 (pontifec-J,

357 964 573 1001 consulatus
604 961 806 1012 (consul-J,
838 975 883 1001 ex
912 964 1085 1001 Varrone
1116 964 1254 1001 affero:

274 1027 497 1080 primatus:
529 1030 576 1066 R.
609 1029 654 1067 R.
687 1030 717 1069 I.
749 1031 783 1075 7,
822 1033 867 1067 10
897 1024 1009 1077 'quod
1044 1031 1108 1068 alii
1139 1032 1229 1069 dant
1269 1032 1471 1077 primatum
1501 1032 1612 1069 bonis
1641 1028 1782 1078 pratis'.

355 1097 456 1142 quod
486 1096 583 1133 idem
612 1107 672 1142 ap.
706 1096 800 1133 Plin.
833 1097 936 1134 Tert.
967 1108 1070 1144 saep.
1101 1096 1146 1134 cf.
1178 1091 1422 1142 ‘summatus'‚
1461 1098 1560 1143 quod
1582 1099 1696 1135 semel
1718 1110 1780 1135 ex-

356 1167 411 1200 tat
440 1162 592 1200 Lucret.
626 1164 660 1208 5,
699 1164 822 1208 11423
854 1158 1099 1201 'secundatus'
1132 1164 1234 1201 Tert.
1266 1165 1380 1201 anim.
1414 1165 1477 1199 27.

386 1228 496 1274 Quod
522 1230 661 1276 legitur
691 1229 737 1267 R.
769 1230 812 1267 R.
844 1229 890 1275 ΙΙ,
924 1232 958 1274 5,
994 1232 1040 1267 17
1085 1225 1268 1267 ‘castrare
1298 1241 1373 1267 nou
1401 1230 1512 1267 debet
1543 1234 1631 1268 ante
1661 1227 1786 1267 bima-

277 1290 377 1342 tum',
412 1290 511 1331 Keil
538 1294 724 1333 observat.
757 1296 841 1333 crit.
873 1297 911 1332 in
943 1296 1025 1334 Cat.
1055 1302 1094 1335 et
1124 1296 1234 1334 Varr.
1265 1308 1301 1343 p.
1335 1297 1383 1332 37
1419 1296 1589 1334 codicum
1618 1299 1785 1335 auctori-

277 1366 355 1399 tate
387 1363 494 1399 nixus
524 1361 738 1399 emendavit
766 1364 803 1399 in
833 1357 933 1400 ‘ante
965 1358 1112 1400 bimum'
1145 1363 1181 1399 h.
1213 1377 1244 1400 e.
1277 1367 1480 1409 antequam
1510 1362 1631 1400 bimus
1662 1364 1722 1401 sit.

988 1426 1007 1475 ξ
1040 1430 1075 1464 2.

386 1494 565 1540 Sequitur
595 1499 636 1530 ut
665 1503 820 1541 agamus
852 1493 898 1531 de
920 1494 1133 1532 nominibus
1163 1495 1409 1532 substantivis
1441 1497 1479 1532 in
1512 1501 1592 1532 -tor
1621 1496 1682 1533 vel
1704 1508 1787 1532 -sor

276 1559 545 1602 desinentibus,
583 1572 679 1606 quae
700 1572 784 1598 cuni
812 1562 974 1598 maxima
992 1572 1036 1598 ex
1057 1565 1165 1608 parte
1196 1573 1218 1598 a
1239 1560 1367 1598 verbis
1397 1573 1437 1598 re
1461 1573 1550 1599 vera
1571 1563 1785 1600 extantibus

276 1626 446 1663 derivata
485 1627 570 1671 sint,
618 1628 842 1674 aliquotiens
873 1632 998 1665 tamen
1038 1628 1086 1666 ad
1115 1628 1250 1665 horum
1279 1628 1493 1674 analogiam
1522 1640 1545 1665 a
1577 1628 1786 1666 nominibus

277 1693 461 1739 originem
499 1694 657 1736 ducunt,
684 1694 785 1732 velut
814 1690 935 1731 olitor
965 1691 1096 1743 (olus),
1128 1690 1277 1730 vinitor
1307 1694 1465 1739 (vinum)
1497 1700 1568 1732 eet.

384 1759 425 1796 In
457 1760 639 1797 Varronis
669 1760 775 1797 llbris
806 1761 854 1798 ad
884 1760 999 1798 verba
1029 1759 1231 1797 referenda
1263 1760 1436 1797 videntur
1465 1760 1578 1798 haec:

275 1829 480 1862 cantator:
513 1826 556 1863 L.
589 1827 632 1863 L.
674 1826 774 1869 VIII,
818 1828 867 1863 57
899 1821 956 1863 ‘ab
987 1826 1175 1863 cant-ando
1210 1820 1407 1871 cantator',
1438 1827 1536 1873 quod
1565 1828 1784 1865 vocabulum

357 1903 445 1928 num
489 1897 577 1930 ante
612 1894 768 1939 Augusti
806 1897 972 1930 aetatem
1014 1896 1168 1939 praeter
1211 1892 1309 1929 hunc
1337 1892 1522 1930 Varronis
1567 1894 1688 1931 locum
1719 1905 1786 1940 pro

358 1959 496 1995 usitato
537 1963 677 1995 cantor
714 1961 951 2004 inveniatur,
1003 1959 1155 2004 dubit03
1205 1960 1347 2006 primus
1392 1960 1491 1997 enim
1528 1960 1565 1995 in
1609 1960 1787 1997 continua

357 2026 527 2063 oratione
558 2026 592 2062 h.
617 2037 650 2063 v.
683 2026 835 2063 adhibet
855 2028 972 2064 Mart.
1010 2028 1067 2071 13,
1102 2026 1173 2069 77;
1206 2025 1301 2062 Gell.
1337 2028 1394 2072 16,
1421 2026 1483 2064 19,
1507 2025 1549 2066 2;
1583 2024 1628 2061 cf.
1649 2020 1786 2062 ‘incan-

357 2086 467 2128 tator'
497 2102 558 2138 ap.
580 2092 685 2129 Tert.
715 2098 752 2129 et
782 2093 892 2137 Isid.;
924 2083 1210 2138 ‘praecantator’
1241 2092 1443 2138 Augustin.

275 2153 542 2208 *desponsorz
594 2158 635 2195 L.
681 2158 722 2195 L.
763 2158 825 2204 VI,
873 2160 921 2195 69
952 2154 1022 2196 ‘Ab
1054 2159 1185 2195 eadem
1229 2162 1362 2204 sponte
1393 2184 1401 2194 .
1435 2185 1441 2191 .
1476 2187 1482 2193 .
1517 2187 1523 2193 .
1556 2157 1784 2194 declinatum

356 2224 515 2270 spondet
543 2229 581 2261 et
623 2225 826 2271 respondet
857 2230 894 2262 et
927 2225 1133 2271 desponsor
1164 2229 1201 2260 et
1232 2218 1393 2269 sponsa',
1432 2223 1532 2269 quod
1562 2221 1782 2260 vocabulum

355 2301 578 2337 quamquam
609 2296 690 2328 tota
720 2293 755 2328 iu
784 2292 971 2328 latinitate
1004 2301 1078 2327 non
1109 2292 1183 2327 iam
1212 2291 1412 2333 iuvenitur,
1445 2293 1573 2326 tamen
1604 2290 1780 2326 usitatum

358 2355 475 2393 fuisse
508 2356 690 2394 Varronis
730 2357 966 2404 temporibus
998 2367 1040 2393 eo
1071 2356 1247 2401 efficitur,
1293 2355 1392 2402 quod
1422 2355 1469 2391 ab
1499 2355 1571 2391 hoe
1600 2366 1674 2392 uua
1702 2366 1783 2392 eum

359 2423 403 2458 iis
441 2423 564 2460 verbiS
596 2428 851 2468 enumeratur,
884 2435 980 2470 quae
1010 2425 1047 2459 in
1078 2423 1244 2459 omnium
1274 2433 1342 2458 usu
1373 2426 1494 2458 erant.

277 2485 503 2538 impositor:
537 2489 579 2526 L.
603 2490 645 2526 L.
669 2490 752 2534 VII,
786 2492 806 2525 2
839 2485 960 2536 ‘quom
982 2490 1075 2526 haec
1104 2488 1334 2525 adminicula
1356 2488 1472 2524 addas
1502 2486 1550 2523 ad
1579 2487 1784 2524 eruendam

357 2554 586 2592 voluntatem
620 2551 876 2602 impositoris'3
912 2555 957 2592 cf.
977 2550 1311 2602 ὀνοματοθέτης
1333 2554 1429 2590 Plat.
1453 2553 1606 2590 Charin.
1643 2553 1716 2588 175
1746 2551 1782 2587 b.
1832 2565 1833 2606 ζ

358 2621 445 2657 Alia
473 2622 627 2659 notione
658 2622 728 2658 hoo
758 2621 980 2659 vocabulum
1012 2623 1115 2658 extat
1133 2619 1218 2665 Ulp.
1251 2620 1337 2667 Dig.
1369 2622 1432 2664 21,
1469 2622 1501 2663 1,
1535 2621 1572 2664 4,
1596 2620 1618 2654 2
1649 2623 1687 2654 et
1717 2619 1780 2659 50,
1832 2611 1833 2623 ³

361 2687 422 2731 13,
450 2689 481 2732 1,
505 2687 539 2732 3,
564 2688 624 2724 ubi
645 2687 744 2725 idem
760 2686 946 2735 significat
965 2687 1063 2733 quod
1093 2697 1230 2732 graece
1254 2684 1465 2730 ἑπιθέτης
1486 2686 1510 2722 i.
1534 2696 1565 2721 e.
1588 2693 1686 2728 eum,
1718 2684 1782 2728 qui
1831 2686 1833 2695 ⁴

358 2751 508 2798 decipit.
555 2753 694 2790 Moneo
736 2755 774 2790 iu
812 2754 902 2791 locis
951 2753 1187 2799 Digestorum
1235 2762 1325 2797 quos
1368 2752 1478 2789 attuli
1526 2749 1683 2787 formam
1728 2751 1782 2786 in-
