1833 3048
795 119 844 153 75

379 248 495 295 tegest
526 248 663 294 pruina
693 248 740 284 ne
770 248 955 283 iacentem
987 246 1055 283 sub
1088 244 1208 294 [Iove]

382 314 534 352 dez'tlbet
563 314 651 360 algu
680 313 895 349 (uindicanti
926 312 1066 360 frigore

149 394 219 430 pro
241 382 358 419 verbo
379 373 622 418 'subdealbet'
653 381 825 425 posuerit
856 368 933 416 ‘sub
965 380 1052 416 Iove
1082 374 1255 416 dealbet’.
1303 378 1375 416 Sed
1405 376 1575 414 codicum

148 448 261 486 Nonii
302 447 478 485 exhibent
518 446 553 482 H
584 457 630 482 m.
671 457 708 491 p.
748 441 999 491 subclealsbem
1052 446 1086 481 H
1125 457 1172 481 m.
1213 456 1287 481 sec,
1324 445 1355 480 L
1396 444 1443 480 W
1482 437 1574 478 sub-

152 511 326 559 deam-et,
366 525 434 550 nec
463 512 571 549 video
601 523 667 548 our
698 507 925 547 Buecheler
967 511 1038 547 hoc
1074 509 1231 546 verbum
1270 520 1343 545 non
1383 510 1575 554 agnoscat.

148 581 281 628 Itaque
307 575 456 623 Hiereia»,
488 579 550 624 qui
577 577 647 614 Rh.
671 579 771 614 Mus.
793 577 899 619 XXI,
927 578 999 612 120
1030 576 1101 612 hoe
1119 575 1339 612 servandum
1370 584 1452 610 esse
1481 573 1578 610 iudi-

149 651 221 692 cat,
267 646 463 691 assentior,
509 655 592 681 cum
638 655 712 680 non
758 645 938 680 maiorem
981 642 1221 679 offensionem
1262 640 1443 688 praebere
1486 639 1578 676 mihi

150 714 322 751 videatur
352 711 508 748 verbnm
538 709 812 748 subdealbandi
843 721 951 756 quam
992 709 1067 745 alia
1103 708 1284 744 eiusmodi
1314 706 1442 750 verba,
1483 716 1579 751 quac

156 780 331 817 dicuntur
352 778 610 823 bicomposita‚
633 777 733 813 velut
752 770 1057 822 ‘subdisiungere'
1080 771 1265 823 (Ascon.)‚
1287 766 1578 810 ‘subadmovere'

152 838 712 894 (Col),‘subinflue1·e'(Sen.)‚
734 836 1067 889 'prodeambularc'
1083 840 1282 888 (Terent.)‚
1299 830 1579 877 ‘disconvenire’

151 912 281 959 (Hor.)
312 916 382 949 ete.

769 1015 789 1064 ᾗ
821 1017 884 1053 31.

180 1102 316 1138 Restat
344 1103 386 1135 ut
416 1110 536 1148 pauca
569 1099 751 1136 disseram
783 1097 827 1134 de
858 1098 902 1134 iis
924 1099 1155 1144 compositis,
1187 1108 1345 1143 quorum
1370 1099 1474 1143 prior
1494 1108 1582 1143 pars

70 1171 128 1204 est
157 1170 225 1203 aut
255 1177 391 1203 nomen
421 1168 487 1202 aut
516 1164 670 1201 verbum
710 1168 775 1201 aut
807 1163 1035 1201 adverbium.
1083 1162 1190 1208 Quod
1230 1163 1430 1200 verborum
1470 1174 1585 1210 genus

69 1237 111 1270 ut
149 1237 285 1278 poetae.
312 1232 549 1278 potissimum
580 1231 789 1272 coluerunt,
822 1231 877 1266 ita
908 1231 946 1266 in
977 1231 1022 1266 iis
1067 1240 1214 1276 quoque
1260 1230 1584 1266 Varronianarum

72 1300 274 1337 satirarum
304 1297 537 1345 fragmentis,
569 1307 725 1344 quorum
743 1296 866 1333 forma
894 1296 1052 1332 metrica
1083 1295 1204 1332 adhuc
1233 1296 1476 1342 perspicitur,
1507 1296 1585 1342 pri-

71 1366 230 1403 marium
269 1364 455 1412 quendam
491 1365 614 1401 locuni
657 1363 830 1400 obtinere
869 1367 1164 1399 consentaneum
1205 1365 1274 1398 est.
1338 1361 1462 1408 Atque
1492 1361 1586 1398 haec

71 1433 279 1478 composita
318 1442 402 1468 cuni
442 1431 604 1468 maxima
643 1441 688 1466 ex
723 1434 831 1476 parte
868 1432 1020 1474 praeter
1051 1428 1262 1464 Varronem
1303 1427 1401 1473 apud
1441 1427 1585 1463 nullum

72 1499 187 1536 alium
204 1499 391 1545 legantur,
407 1498 525 1543 ipsius
537 1498 720 1534 Varronis
738 1496 888 1543 ingenio
908 1495 1037 1532 deberi
1055 1494 1236 1539 suspicari
1262 1494 1361 1534 licet,
1399 1493 1467 1529 nisi
1489 1493 1587 1539 quod

73 1576 187 1602 unum
215 1565 426 1602 alterumve
455 1565 529 1600 ian]
560 1574 582 1599 a
612 1563 734 1608 poetis
765 1562 908 1608 priscis,
941 1571 1099 1607 quorum
1129 1559 1216 1595 libri
1254 1559 1360 1596 nobis
1400 1569 1473 1596 non
1513 1559 1587 1596 sint

72 1631 222 1676 servati,
255 1629 413 1668 formari
443 1631 609 1676 potuisse
641 1628 919 1665 concedendum
951 1630 1019 1663 est.
1067 1625 1162 1662 Sunt
1193 1629 1317 1662 autem
1348 1625 1462 1672 digna
1491 1636 1587 1672 quae

71 1700 339 1734 enumerentur
370 1707 415 1733 ex
444 1696 604 1743 poeticis
635 1696 839 1732 satirarum
873 1693 1043 1730 frustulis
1075 1693 1189 1729 haec:

73 1758 305 1800 *altitonusz
350 1767 420 1800 sat.
452 1762 499 1799 fr.
532 1764 580 1798 92
614 1763 677 1806 (R.
715 1763 801 1806 117,
824 1759 878 1807 2),
921 1760 979 1795 oui
1019 1757 1190 1795 conferas
1229 1769 1262 1794 v.
1295 1748 1495 1794 ‘altisonus'
1525 1767 1585 1803 ap.

155 1831 254 1867 Enn.
286 1833 383 1877 trag.
420 1831 516 1874 1193
549 1830 647 1874 244ς
681 1838 768 1864 ann.
802 1828 892 1863 561.
924 1818 1151 1862 ‘altitonans’
1184 1823 1335 1860 Luci-et.
1369 1824 1404 1868 5,
1430 1824 1519 1859 745.

74 1890 324 1939 *ar-diseias:
357 1900 425 1932 sat.
457 1895 503 1932 fr.
535 1896 612 1931 204
645 1894 815 1941 (11.146,
842 1890 881 1940 Ω)
912 1886 1087 1928 ‘ai-difeta
1115 1883 1311 1936 lampade‘,
1344 1889 1441 1935 quod
1472 1889 1585 1936 signi-

156 1962 264 1999 ficat:
296 1962 410 2009 plena
440 1960 590 1998 ardore.

185 2029 290 2064 Haec
320 2027 394 2064 duo
424 2038 520 2073 quae
550 2027 660 2064 modo
687 2027 797 2064 attuli
827 2025 1035 2071 composita
1063 2025 1247 2071 tragicum
1278 2034 1490 2060 sermonem
1529 2033 1588 2058 re-

75 2096 202 2133 dolere
231 2093 419 2130 videntur.

77 2157 314 2197 *cim-emis:
345 2166 414 2197 sat.
446 2158 491 2196 fr.
527 2162 573 2195 15
607 2159 669 2204 (R.
703 2160 766 2199 97,
791 2160 830 2203 6)
861 2153 976 2205 ‘Argo
1007 2151 1237 2194 citiremem'.

78 2221 386 2264 *erebrinodzaesz
421 2230 491 2262 sat.
520 2223 566 2261 fr.
600 2226 695 2269 57&
729 2223 774 2260 cs.
809 2214 1063 2260 ‘multinodus’
1095 2234 1152 2269 ap.
1184 2222 1296 2269 Apul.

78 2289 401 2343 *dentlzarpagsaz
442 2295 512 2328 sat.
544 2291 590 2327 fr.
623 2293 698 2326 441
732 2291 795 2331 (R.
830 2291 919 2330 205,
948 2286 986 2337 1)
1016 2284 1087 2326 ‘hie
1116 2289 1301 2336 bipennis,
1332 2288 1396 2324 ille
1427 2287 1590 2334 forcipes

163 2352 465 2404 denth2'11·pagas',
497 2357 533 2394 id
563 2357 661 2404 quod
674 2352 897 2393 Bam-hela·
917 2355 1082 2391 restituit
1112 2365 1181 2401 pro
1202 2353 1370 2391 codicum
1398 2345 1592 2399 'bipensile

166 2424 433 2471 forcipendent
462 2417 679 2470 harpagae’.
739 2423 810 2459 Est
847 2425 972 2458 autem
1010 2416 1295 2471 clenfflarpaya
1331 2430 1402 2456 vox
1432 2419 1593 2465 hybrida

165 2489 329 2528 formata
371 2500 416 2526 ex
463 2484 580 2524 dente
620 2493 656 2525 et
693 2483 898 2538 harpaqa,
951 2497 1046 2533 quae
1086 2496 1156 2522 vox
1197 2496 1334 2533 graeca
1374 2496 1396 2521 a
1434 2485 1592 2522 Sisenna

163 2557 297 2594 histor.
346 2556 410 2592 lib.
443 2555 518 2592 IIII
565 2566 626 2600 ap.
675 2553 774 2591 Non.
821 2554 912 2600 556,
953 2555 1000 2590 18
1051 2553 1182 2597 (Peter
1214 2552 1306 2596 289,
1332 2552 1369 2595 7>
1392 2549 1592 2587 adhibetur

163 2623 200 2659 in
248 2616 454 2658 ‘collocatis
482 2614 684 2667 harpagis'.

86 2683 342 2739 remipedus:
374 2690 444 2724 sat.
467 2685 514 2723 fr.
538 2687 615 2723 489
648 2686 709 2731 (R.
741 2685 833 2730 218,
855 2681 897 2733 8)
928 2679 1071 2722 ‘anates
1099 2675 1319 2729 remipedas’
1355 2692 1424 2728 pro
1454 2676 1594 2719 ‘tremi-

163 2747 302 2802 pedas'‚
335 2753 435 2800 quod
464 2751 578 2790 Nonii
610 2763 646 2798 p.
681 2752 770 2797 460,
795 2753 816 2788 6
850 2750 996 2789 codices
1035 2749 1224 2794 exhibent,
1266 2748 1338 2786 nisi
1378 2747 1477 2795 quod
1508 2747 1590 2785 cod.
