1833 3048
799 50 1092 87 -31-

167 163 318 217 lingua
349 162 667 217 francogallica
698 162 884 216 plurima
916 164 1051 206 verba
1084 163 1315 206 causativa
1354 163 1504 205 eadem
1546 162 1717 204 ratione

169 233 352 287 exprimi
384 234 538 277 solent.

284 306 349 348 Ut
382 317 435 347 ex
465 303 610 347 verbis
645 302 815 345 dicendi
848 315 938 345 acc.
973 316 1008 345 c.
1041 303 1116 345 inf.
1150 303 1332 356 pendet,
1366 303 1429 346 sic
1460 315 1537 356 per
1569 302 1716 345 analo-

166 374 283 428 giam
316 374 451 417 etiam
482 373 549 415 his
582 373 689 415 locis
721 373 901 426 legitur:

283 447 403 488 dare
447 444 498 486 Π
534 448 574 496 1,
621 447 672 483 26
716 445 786 487 sed
826 445 877 486 do
911 477 918 486 .
952 477 959 485 .
992 477 999 485 .
1045 459 1167 499 posse
1213 446 1495 488 noc-enarum,
1540 445 1719 488 ‘retineri

164 530 416 569 ‘numerzmm
455 514 531 556 IX
577 518 626 554 10
672 529 808 557 mmm
849 516 954 557 dcmt
994 528 1084 557 non
1126 518 1310 568 oportere
1350 516 1435 558 dici
1458 549 1602 557 .....
1645 516 1718 557 7203

165 587 319 642 eorrz’yi
362 590 546 641 oportere
586 586 624 628 εἰ
665 586 915 637 comedant„-
953 582 1029 625 cfr.
1064 582 1154 627 Cic.
1188 584 1315 626 Tusc.
1354 584 1379 626 I
1418 586 1440 635 ξ
1484 588 1535 624 25
1569 586 1719 629 Dasoze

164 662 239 700 aut
269 672 440 700 manere
471 656 638 699 animos
665 659 760 709 post
791 659 964 697 mortem
986 659 1061 697 azot
1084 687 1092 697 .
1119 688 1127 696 .
1153 688 1161 696 .
1188 654 1227 696 ..9
1248 655 1403 698 Beatos
1425 669 1508 698 0330
1530 657 1716 709 concedo,

163 726 237 768 ubi
277 738 452 780 prorsus
494 728 543 767 ut
586 725 726 767 altero
771 724 863 766 loco
896 723 1172 768 Varroniano
1215 726 1348 769 dandi
1390 727 1436 766 et
1468 727 1719 769 concedendi

166 798 301 840 verba
332 795 572 850 promiscue
604 794 750 848 posita
782 794 986 847 leguntur
1022 794 1064 845 1).

279 873 380 912 esto
421 867 497 909 IX
538 870 588 907 77
630 871 712 910 03ίο
753 867 800 909 in
842 881 1018 909 casuzcm
1055 866 1161 908 serio
1197 866 1285 909 alia
1322 880 1405 908 000.
1445 881 1536 910 non
1571 867 1718 910 habere

160 940 438 992 nominandi,
482 939 570 981 αῖὶα
611 939 659 980 de
691 938 868 991 obliquis
905 938 1108 990 aliqzcemg
1141 934 1216 977 cfr.
1261 934 1574 988 Reichenhart,
1608 935 1713 978 Act.

163 1008 273 1051 Sem.
306 1008 396 1050 Erl.
431 1008 499 1052 IV
531 1021 570 1060 p.
606 1011 703 1048 506.

280 1080 457 1123 tollere
486 1077 563 1119 IX
597 1081 648 1117 53
692 1078 870 1121 tollmzto
905 1073 985 1132 [sic
1017 1075 1111 1128 Sp.;
1156 1077 1309 1120 tollunt
1340 1074 1458 1131 libri]
1499 1092 1583 1120 0330
1613 1092 1717 1120 [mcc-

163 1151 317 1206 Zoqz'as;
355 1148 474 1190 cuius
517 1160 620 1190 usus
658 1147 775 1189 haud
818 1146 944 1189 dubie
975 1158 1152 1199 prorsus
1185 1145 1419 1200 singularis
1456 1146 1719 1189 mentionem

160 1232 246 1262 non
278 1219 372 1262 fieri
403 1219 530 1262 video
562 1218 606 1260 in
637 1217 759 1260 libris
794 1217 846 1259 de
879 1221 976 1259 arte
1007 1216 1310 1271 grammatica.

282 1291 383 1333 Non
423 1289 490 1332 ita
532 1301 663 1342 saepe
701 1287 957 1331 crediderim
997 1286 1184 1330 inveniri
1231 1286 1530 1330 accusativum
1573 1299 1607 1329 c.
1640 1286 1715 1329 inf.

161 1374 255 1404 cum
287 1362 612 1405 describendi
643 1360 775 1403 Verbo
799 1359 1091 1410 coniunctum3
1121 1357 1285 1411 legitur
1307 1358 1348 1401 V
1373 1362 1424 1398 22
1459 1392 1466 1399 .
1492 1392 1499 1400 .
1524 1360 1572 1402 αῖ)
1595 1373 1718 1413 eoque

159 1435 376 1476 duodecim
415 1433 673 1476 Tabularum
711 1433 959 1485 1ἱοῑΐοψγοΐο3
990 1431 1206 1473 ambitus
1236 1430 1461 1484 parietis·
1492 1430 1718 1472 circuitum

160 1519 244 1546 0330
281 1504 545 1556 (Ζο3ονὶὒῑωῑέ;
575 1513 705 1543 unum
736 1501 876 1542 locum
909 1498 1190 1552 Ovidianum,
1224 1510 1352 1540 unum
1386 1497 1521 1542 Gellii
1550 1497 1718 1551 profert

159 1572 413 1625 Forcellini3
447 1574 680 1626 praeterea
713 1573 864 1613 exstat
897 1569 996 1613 Sen.
1031 1569 1237 1612 Controv.
1270 1570 1295 1610 I
1329 1573 1366 1622 2,
1405 1573 1469 1609 17.

278 1643 444 1697 Quibus
486 1642 631 1685 verbis
671 1642 828 1684 addam
868 1657 971 1686 ozon
1008 1642 1179 1685 dubito
1222 1639 1333 1692 quod
1371 1640 1512 1684 Varro
1556 1639 1716 1691 aliique

159 1714 395 1767 scriptores
434 1713 570 1756 etiam
609 1725 702 1755 cum
741 1725 830 1755 acc.
873 1725 908 1754 0.
948 1711 1022 1753 inf.
1065 1711 1350 1764 coniungunt,
1399 1713 1503 1752 tunc
1545 1710 1716 1753 scilicet

166 1797 317 1833 „wenn
350 1784 418 1826 die
450 1783 623 1836 phrasis
647 1782 876 1826 dubitandi
898 1786 989 1824 erst
1010 1782 1122 1824 nach
1146 1781 1240 1823 dem
1261 1780 1565 1823 Inhaltssatze
1586 1779 1714 1834 folgt,

158 1855 251 1897 also
291 1855 367 1897 der
399 1853 692 1897 Schreibende
734 1853 804 1895 bei
843 1853 918 1895 der
951 1852 1146 1905 Setzung
1184 1851 1258 1893 des
1290 1851 1398 1893 Ace.
1443 1863 1478 1892 0.
1511 1850 1596 1892 Inf.
1635 1863 1716 1893 nur

156 1924 214 1966 im
248 1925 536 1978 allgemeinen
568 1924 638 1966 ein
661 1924 853 1969 Verbum
883 1922 1113 1976 sentiendi,
1138 1922 1243 1964 aber
1263 1921 1386 1963 nicht
1409 1921 1487 1963 das
1510 1920 1715 1974 specielle

162 2011 276 2044 „non
321 1998 488 2040 clubit0“
533 1995 591 2037 im
634 1994 767 2038 Sinne
808 1994 913 2035 hat“
961 1993 1181 2049 (Schmalz
1221 1992 1294 2044 Sy.
1335 1990 1359 2047 ξ
1404 1995 1486 2032 226
1526 1994 1615 2034 not.
1661 1995 1714 2042 3).

156 2066 275 2108 Hinc
315 2067 457 2111 Varro
495 2066 590 2110 VII
632 2069 710 2105 107
746 2066 887 2109 Meam
924 2066 1038 2120 apud
1066 2068 1212 2119 poetas
1249 2064 1413 2114 reliqua
1454 2078 1538 2107 esse
1578 2064 1712 2117 verba,

157 2152 336 2192 quorum
367 2138 552 2193 orz'yz'nes
577 2137 746 2188 possint
777 2137 875 2189 diei,
908 2150 998 2179 ozon
1030 2136 1193 2188 dubita·
1224 2132 1302 2175 sed
1332 2132 1407 2175 IX
1442 2136 1495 2173 32
1528 2134 1715 2188 equidem

154 2223 244 2251 non
274 2209 415 2250 dubito
447 2208 554 2258 qam
584 2207 947 2251 animadverteris.

274 2277 411 2322 Verbi
441 2276 742 2329 impersonalis
775 2275 888 2327 quod
919 2277 988 2317 est
1019 2276 1213 2318 scilicet
1249 2272 1279 2325 2)
1312 2272 1531 2327 propriam
1551 2272 1638 2316 vim
1661 2285 1714 2314 ac

157 2347 376 2389 notionem
409 2347 714 2389 oblitteratam
745 2346 931 2388 nondum
962 2345 1097 2387 fuisse
1120 2344 1236 2398 apud
1257 2345 1512 2392 Varronem,
1544 2342 1712 2386 intelle-

155 2417 275 2472 gitur
306 2430 357 2460 ex
387 2417 481 2460 loco
512 2417 590 2459 III
622 2421 660 2470 9,
695 2420 720 2457 4
753 2418 827 2472 qui
857 2421 1010 2472 spectat
1041 2421 1089 2459 ut
1120 2415 1457 2459 ornithoboscion
1477 2416 1713 2470 perfectum

276 2615 304 2660 1)
330 2614 402 2650 Cfr.
437 2614 588 2649 Kiihner
628 2625 661 2659 p.
697 2614 809 2650 80611.
867 2614 925 2649 Sic
963 2613 1072 2649 etiam
1107 2611 1316 2655 Lucretius,
1355 2611 1420 2646 cfr.
1452 2610 1710 2655 Reichenhart,
1750 2642 1752 2644 ,

157 2674 237 2708 Act.
266 2674 358 2708 Sem.
385 2673 461 2708 Erl.
488 2673 540 2708 IV
565 2673 644 2708 503.

275 2731 303 2776 2)
331 2731 410 2774 Quo
442 2731 620 2767 vocabulo
647 2732 850 2767 Varronem
875 2741 980 2765 usum
1008 2740 1088 2765 esse
1113 2740 1185 2764 non
1211 2727 1328 2763 videri
1361 2727 1495 2762 iniuria
1521 2727 1710 2763 contendit

156 2789 316 2834 Spengel
342 2789 457 2834 praef.
483 2801 517 2834 p.
536 2790 683 2826 LXVII.
728 2791 836 2825 Certe
862 2799 931 2824 rer.
958 2792 1048 2823 rust.
1075 2788 1098 2823 1.
1125 2788 1148 2823 l.
1175 2788 1218 2823 de
1246 2786 1429 2831 scriptura
1454 2786 1599 2822 dubium
1627 2796 1707 2822 esse

155 2848 284 2891 nequit
311 2849 378 2893 (sic
404 2848 485 2883 licet
507 2848 630 2892 Polit„
656 2847 791 2883 scilicet
817 2847 891 2882 cod.
918 2846 1028 2890 Pan).
