1833 3048
797 48 848 84 53

63 185 206 220 rustica
253 183 370 220 libros
419 183 735 228 conscripserunt.
783 182 947 228 Quorum
994 188 1035 220 ut
1085 182 1330 221 Columellam
1372 184 1586 222 Palladium

64 248 263 295 Vegetium
319 249 543 295 posterioris
602 250 783 294 temporis
832 250 1037 295 scriptores
1094 252 1416 297 praetermittam,
1465 251 1584 289 affero

65 314 248 351 Catonem
297 320 334 351 et
382 315 603 360 Varronem,
653 316 715 360 qui
768 316 874 352 libris
923 316 967 352 de
1016 327 1057 353 re
1112 318 1253 354 rustica
1297 319 1449 364 scriptis
1504 329 1583 355 ma-

63 391 174 427 gnam
205 381 350 426 copiam
399 381 713 417 deminutivorum
762 381 945 419 sermonis
1001 383 1133 420 rustici
1183 383 1285 420 haud
1335 383 1447 421 dubie
1496 396 1583 432 pro-

63 446 233 492 priorum
283 446 575 483 immiscuerunt.
639 447 712 483 Sed
762 458 834 484 non
885 448 929 484 iis
977 448 1084 485 libris
1122 449 1255 491 solum,
1298 450 1360 496 qui
1409 450 1456 487 ad
1503 462 1582 488 rem

64 512 244 548 rusticam
301 516 486 558 spectant,
545 512 668 549 Varro
731 514 893 550 colorem
948 515 1132 552 sermonis
1197 516 1362 562 vulgaris
1421 516 1582 560 induxit,

63 589 194 615 verum
226 579 340 616 etiam
371 579 408 614 in
439 579 576 623 satiris,
608 580 645 616 in
686 578 821 625 quibus
851 585 889 616 et
928 581 1073 627 antiqui
1119 582 1268 619 dicendi
1315 584 1430 619 moris
1476 594 1584 621 amor

69 655 114 681 ac
153 645 317 682 studium
360 649 396 681 et
436 645 633 682 familiaris
686 645 1002 684 confabulationis
1048 647 1211 685 imitatio
1260 652 1433 695 apparet,
1482 650 1583 687 haud

65 719 187 756 pauca
216 710 382 757 vulgaris
414 710 563 757 linguae
592 712 752 758 vestigia
783 716 1071 758 cognoscuntur.
1095 712 1179 750 Huc
1210 714 1378 760 pertinet
1402 714 1582 761 frequens

65 774 381 813 deminutivorum
420 787 519 821 usuS,
574 776 635 822 qui
677 776 724 813 ab
773 777 1007 824 elegantiore
1056 781 1094 816 et
1141 780 1385 826 exquisitiore
1432 781 1580 819 dicendi

64 851 202 887 genere
243 840 436 878 abhorret.
486 843 571 888 lpse
607 842 729 880 Varro
767 844 975 890 exemplum
1014 844 1137 888 affert,
1173 857 1218 882 ex
1262 858 1334 893 quo
1378 847 1579 895 intellegas

63 908 225 944 rusticos
255 909 492 954 potissimum
523 908 755 945 demiuutiva
785 921 854 956 pro
885 911 1036 947 nomine
1077 912 1203 949 nativo
1243 913 1446 959 amavisse3
1489 913 1579 950 dicit

61 974 160 1010 enim
191 974 235 1010 L.
268 974 310 1011 L.
343 974 424 1019 VII,
458 976 507 1011 8-1
541 963 593 1010 'In
612 975 796 1012 Atellanis
817 975 905 1012 licet
925 977 1228 1015 animadvertere
1249 980 1409 1016 rusticos
1438 979 1577 1025 dicere,

65 1051 104 1077 se
134 1039 332 1077 adduxisse
374 1051 442 1086 pro
473 1044 598 1078 scorto
638 1037 872 1087 pelliculam’.
904 1043 1035 1090 Itaque
1068 1055 1180 1092 saepe
1201 1045 1252 1090 fit,
1299 1048 1340 1082 ut
1370 1046 1407 1082 in
1449 1046 1578 1092 lingua

61 1108 205 1144 rustica
245 1106 475 1144 deminutiva
505 1108 540 1144 vi
570 1119 637 1145 sua
665 1113 702 1145 et
731 1109 883 1146 notione
911 1111 1066 1157 propria
1097 1110 1247 1148 abiecta
1277 1113 1314 1148 in
1352 1111 1475 1149 locum
1515 1124 1580 1150 no-

61 1173 202 1209 minum
234 1173 510 1219 1:›rimitiv0rum
541 1178 749 1211 transeant.
784 1174 900 1220 Quem
923 1175 1239 1213 deminutivorum
1257 1187 1362 1214 usum
1383 1178 1421 1214 in
1441 1178 1580 1225 linguis

63 1237 286 1276 Romanicis
319 1239 395 1276 late
424 1243 554 1286 patere
585 1239 693 1277 docet
725 1235 827 1276 Dice
849 1241 1013 1278 Gramm.
1032 1242 1078 1287 ΙΙ,
1104 1244 1193 1288 321,
1225 1253 1385 1289 quocum
1407 1243 1579 1281 conferas

62 1316 108 1342 ea
152 1315 247 1351 quae
293 1307 511 1352 nuperrime
557 1308 731 1352 exposuit
779 1302 985 1358 Isi'oelfflin
1031 1310 1068 1345 in
1111 1308 1308 1356 Philologo
1339 1310 1580 1358 Gottingensi

64 1371 244 1417 XXXIV,
287 1373 391 1408 1874
430 1384 465 1419 p.
509 1373 597 1408 153.
647 1372 707 1409 Ad
757 1374 941 1420 exempla,
992 1385 1086 1421 quae
1130 1375 1192 1412 hic
1222 1386 1254 1411 v.
1288 1375 1322 1412 d.
1356 1375 1478 1422 affert,
1530 1387 1575 1413 ex

60 1439 231 1476 Varrone
251 1439 429 1476 nonnulla
459 1438 601 1476 addere
633 1439 756 1475 liceat.
796 1440 915 1476 Extat
955 1442 1053 1477 enim
1086 1441 1188 1488 apud
1218 1441 1432 1479 Varronem
1479 1442 1577 1480 idem

62 1504 282 1553 significans
313 1506 411 1552 quod
442 1499 586 1542 'asinus'
619 1504 684 1545 (R.
703 1505 747 1542 R.
766 1505 814 1553 II,
850 1509 881 1551 1,
919 1508 963 1552 53
996 1507 1044 1549 Il,
1079 1510 1113 1553 1,
1150 1509 1216 1553 143
1251 1507 1298 1552 ΙΙ,
1332 1510 1368 1555 6,
1406 1511 1420 1544 1
1456 1512 1494 1546 et
1523 1510 1571 1553 2;

58 1573 105 1618 II,
137 1573 173 1615 8,
209 1575 256 1617 3;
287 1572 354 1617 ΙΙΙ,
394 1573 430 1616 2,
466 1568 520 1618 7.)
553 1572 779 1617 aliquotiens
808 1563 977 1618 ‘asellus',
1008 1574 1109 1611 velut
1138 1573 1184 1610 R.
1217 1573 1263 1611 R.
1294 1574 1323 1619 I,
1369 1576 1433 1620 20,
1467 1576 1490 1611 4
1520 1573 1579 1612 'ad

60 1639 179 1675 molas
209 1642 247 1676 et
276 1638 324 1676 ad
354 1648 410 1683 ea,
450 1638 479 1674 si
521 1648 614 1684 quae
655 1641 751 1679 sunt,
803 1649 897 1684 quae
944 1640 982 1676 in
1031 1638 1148 1677 fundo
1200 1640 1473 1686 convehuntur,
1513 1641 1578 1678 alii

61 1704 190 1742 asellis
219 1704 284 1740 alii
314 1704 438 1741 vaccis
470 1714 513 1740 ac
543 1703 651 1740 mulis
691 1699 881 1749 utuntur'3
915 1704 958 1741 R.
1007 1706 1051 1743 R.
1083 1706 1130 1752 Il,
1174 1707 1208 1752 6,
1252 1708 1272 1742 5
1318 1695 1454 1744 ¹asellis
1493 1706 1578 1746 dos-

61 1771 196 1808 suariis
227 1774 466 1817 comportant
497 1769 544 1806 ad
575 1781 677 1806 mare
719 1765 864 1807 oleum'.
903 1772 989 1809 Alia
1027 1771 1239 1810 huiusmodi
1280 1774 1452 1820 exempla
1493 1777 1580 1811 sunt

61 1837 109 1875 R.
132 1836 177 1873 R.
203 1837 269 1882 ΙΙΙ,
294 1839 328 1881 5,
356 1839 403 1872 14
435 1827 546 1872 'intra
566 1838 684 1872 retem
708 1846 795 1872 aves
822 1840 909 1872 sunt
929 1847 1039 1874 omne
1060 1848 1176 1884 genus
1200 1839 1359 1877 maxime
1380 1841 1579 1884 cantrices,

61 1907 103 1939 ut
132 1903 351 1940 lusciniolae
383 1913 427 1939 ac
464 1896 662 1946 merulae,
694 1901 736 1937 L.
772 1901 811 1937 L.
846 1903 889 1947 V,
925 1904 972 1938 76
1004 1889 1222 1949 ‘lusciniola,
1269 1906 1368 1951 quod
1411 1907 1579 1945 luctuose

63 1981 200 2008 canere
233 1963 493 2006 existimatur'.
527 1968 668 2005 Eodem
703 1968 812 2005 modo
843 1970 999 2006 nomina
1041 1970 1376 2008 instrumentorum
1416 1974 1578 2011 rustico-

61 2048 146 2074 rum
184 2035 343 2073 formam
379 2036 647 2073 deminutivam
684 2034 835 2081 habent,
867 2036 904 2072 in
936 2035 1068 2082 quibus
1100 2038 1204 2074 notio
1235 2037 1473 2076 deminuendi
1505 2051 1579 2077 non

64 2104 178 2148 inest,
209 2103 310 2139 velut
340 2103 385 2140 R.
416 2102 462 2138 R.
495 2102 524 2147 Ι,
556 2102 619 2144 22,
656 2104 670 2136 1
708 2090 763 2137 ‘de
793 2101 939 2147 reliquo
978 2102 1229 2140 instrumento
1272 2108 1388 2150 muto,
1438 2106 1477 2142 in
1508 2117 1580 2152 quo

63 2173 150 2206 sunt
179 2169 355 2206 corbulae
388 2173 425 2205 et
456 2162 587 2212 dolia'3
626 2167 713 2204 ibid.
755 2156 806 2203 ‘ut
843 2167 989 2213 corbeS,
1030 2167 1195 2214 fiscinae,
1244 2169 1397 2216 tribula,
1440 2172 1578 2214 mallei,

61 2230 246 2279 rastelli'3
279 2235 324 2271 R.
358 2234 403 2271 R.
436 2235 463 2278 Ι,
497 2236 562 2280 23,
596 2236 616 2270 5
653 2230 703 2270 ‘ut
747 2233 888 2270 habeas
922 2262 928 2269 .
964 2263 970 2270 .
1005 2261 1011 2269 .
1044 2235 1199 2281 sirpeas,
1251 2236 1380 2282 vallos,
1424 2232 1576 2284 erates’;

62 2301 90 2346 Ι,
125 2303 187 2346 52,
221 2303 242 2337 2
276 2293 438 2347 'oportet
469 2312 488 2337 e
524 2305 628 2338 terra
668 2299 873 2337 sul;=iecta1·i
903 2300 1011 2337 vallis
1060 2305 1125 2338 aut
1164 2297 1419 2349 ventilabris'3
1453 2304 1497 2342 R.
1530 2303 1577 2342 R.

61 2367 128 2409 III,
164 2368 224 2412 17,
258 2369 281 2403 4
313 2356 510 2405 'loculatas
540 2377 696 2414 magnas
727 2365 869 2402 habent
899 2360 1071 2403 arculas'.
1105 2366 1286 2405 Similiter
1317 2369 1421 2406 notio
1460 2368 1577 2406 demi-

63 2435 194 2471 nutiva
224 2435 377 2471 evanuit
406 2435 443 2470 in
473 2434 529 2470 his
560 2433 770 2471 adlectivis:
804 2431 848 2468 R.
874 2431 919 2468 R.
952 2433 980 2477 Ι,
1015 2433 1063 2468 32
1095 2428 1234 2471 'vineas
1263 2438 1409 2474 veteres
1439 2437 1576 2474 iterum

64 2510 210 2545 occare,
262 2500 430 2537 novellas
471 2500 584 2536 etiam
625 2493 761 2543 tertio’,
812 2499 875 2536 sed
907 2499 950 2536 R.
985 2499 1027 2536 R.
1070 2499 1117 2536 ΙΙ.
1152 2500 1186 2546 5,
1221 2502 1242 2536 6
1274 2495 1399 2539 'tertia
1429 2501 1571 2549 (aetas)

62 2565 177 2603 boum
232 2566 479 2611 novellorum,
530 2569 665 2612 quarta
714 2559 946 2602 vetulorum'.
1016 2565 1123 2602 Adde
1170 2567 1268 2612 quod
1309 2566 1576 2606 deminutivum

63 2626 320 2677 ‘muliercula',
351 2631 451 2680 quod
481 2633 519 2669 in
550 2642 722 2669 sermone
752 2630 928 2668 familiari
968 2635 1005 2669 et
1035 2632 1145 2669 hilari
1182 2643 1296 2680 saepe
1325 2644 1395 2682 pro
1422 2634 1578 2672 muliere

61 2702 278 2746 usurpatur,
312 2709 333 2734 a
368 2698 536 2735 Varrone
569 2697 705 2734 dicitur
738 2696 783 2733 de
823 2697 1003 2735 feminina
1043 2698 1230 2744 panthera
1260 2699 1304 2737 L.
1335 2699 1378 2735 L.
1411 2700 1454 2746 V,
1500 2701 1575 2738 100
