1833 3048
771 60 1066 97 -46-

140 173 337 230 Europa,
376 175 434 219 in
469 189 563 230 quo
602 176 728 218 etiam
758 173 889 230 Syria
926 172 1027 227 (nisi
1059 173 1175 216 forte
1205 172 1478 217 scribendum
1510 175 1567 219 in
1597 187 1692 227 qua

144 255 239 287 cum
270 242 433 299 Laeto)
466 270 520 276 —
554 243 611 286 ad
641 256 796 286 nomen
828 243 1000 298 generis
1032 243 1239 286 feminini.

855 360 880 417 ξ
913 365 981 402 30.

261 431 530 488 Quibusdam
567 431 675 474 locis
716 431 856 475 Varro
893 434 943 474 ut
982 431 1060 474 alii
1097 430 1291 474 nonnulli
1332 431 1568 485 scriptores
1600 430 1693 484 (cfr.

141 503 326 545 Kiihner
362 515 402 555 p.
438 506 556 552 4273
598 501 836 545 Schneider
876 500 1057 555 Scriptt.
1090 503 1145 545 R.
1178 503 1233 546 R.
1265 502 1311 545 in
1346 502 1434 545 ind.
1466 502 1693 545 verborum

141 585 174 616 s.
207 586 246 616 v.
279 577 374 623 res)
412 585 647 626 pronomen
685 572 920 615 relativum
959 573 1015 615 ad
1046 585 1201 616 nomen
1233 586 1271 625 q.
1306 584 1341 615 e.
1375 588 1454 617 res
1487 578 1693 626 spectans

140 656 225 686 non
266 643 312 686 in
353 643 558 686 feminino
601 655 761 697 genere
802 643 943 696 ponit,
987 643 1064 686 sed
1094 643 1140 686 in
1170 647 1346 696 neutro,
1384 643 1507 686 velut
1537 643 1563 685 Ι
1597 646 1690 692 1,11

142 716 402 759 circumcisis
432 716 555 758 rebus
586 728 695 767 quae
726 729 817 759 non
847 716 1033 759 arbitror
1056 716 1271 767 pertinere
1291 716 1347 759 ad
1366 716 1462 771 ayri
1483 715 1695 758 culturam

141 783 198 826 ad
239 797 365 837 quem
406 784 545 827 locum
585 784 700 827 Keil.
734 787 884 827 cetera
926 784 1124 838 exempla
1167 783 1410 827 adnotavit.
1474 783 1528 826 In
1571 782 1694 826 libris

143 853 195 896 de
226 854 254 896 1.
288 854 315 896 1.
348 867 435 898 non
466 854 641 898 memini
673 854 835 898 similia
867 867 934 898 me
965 854 1128 909 legisse
1150 854 1195 909 ¹).

892 962 916 1014 ἓ
951 964 1017 1002 31.

258 1032 323 1075 Ut
365 1031 480 1086 apud
513 1031 785 1079 Ciceronem,
829 1031 1067 1075 Caesarem
1099 1034 1183 1074 etc.
1217 1030 1324 1073 locis
1366 1029 1582 1073 nonnullis
1621 1030 1693 1086 (de

143 1103 299 1157 quibus
337 1102 413 1145 cfr.
447 1103 633 1145 Kiihner
663 1115 701 1156 p.
739 1106 789 1143 19
823 1105 913 1145 not.
949 1106 1010 1154 3),
1045 1102 1108 1145 010
1139 1101 1274 1144 etiam
1306 1100 1420 1155 apud
1452 1101 1695 1146 Varronem

141 1185 374 1228 pronomen
406 1172 640 1216 relativum
673 1173 730 1216 ad
762 1172 1088 1216 substantivum
1119 1185 1174 1216 ex
1196 1171 1414 1215 adiectivo
1437 1171 1551 1224 quod
1572 1173 1692 1214 ante-

148 1244 265 1287 cedit
303 1243 588 1297 supplendum
619 1247 796 1297 spectat
834 1244 914 1286 hoc
944 1244 1039 1286 loco
1071 1243 1122 1286 H
1155 1246 1223 1296 3,3
1257 1244 1417 1297 caprile
1447 1257 1621 1287 semen.
1651 1274 1658 1282 .
1684 1277 1692 1285 .

144 1317 193 1360 de
225 1329 407 1370 qua-rimi
439 1317 664 1360 velocitate.
719 1314 886 1365 Contra
918 1315 969 1357 H
1004 1318 1098 1365 7,15
1131 1315 1181 1358 Si
1212 1316 1354 1371 frique
1377 1314 1469 1357 erit.
1491 1315 1543 1357 in
1565 1313 1695 1368 equili

144 1388 371 1442 faciendus
421 1387 548 1442 iynis.
621 1387 761 1441 Equis
807 1387 917 1441 quod
963 1386 1041 1429 alii
1087 1389 1190 1429 sunt
1235 1386 1291 1428 ad
1334 1399 1422 1428 rem
1467 1385 1697 1427 militarem

143 1458 286 1501 idonei
332 1459 417 1499 etc.
465 1468 541 1509 pro
589 1455 801 1499 vocabulo
847 1457 1012 1512 Equis
1055 1467 1141 1498 non
1183 1454 1456 1498 scribendum
1496 1454 1543 1498 E
1569 1455 1695 1510 quis,

144 1526 221 1569 sed
253 1539 348 1569 cum
379 1526 528 1569 Keilio
571 1539 624 1569 ex
656 1526 805 1569 codice
836 1526 969 1569 Laur.
1003 1538 1044 1567 m
1075 1527 1234 1582 Equi;
1264 1537 1366 1567 nam
1398 1536 1452 1567 ex
1483 1523 1696 1568 vocabulo

143 1599 326 1653 equile,
375 1597 487 1650 quod
533 1610 617 1640 non
659 1597 746 1640 iam
787 1610 863 1651 pro
906 1596 1124 1640 adiectivo
1167 1595 1468 1650 accipiebatur
1507 1595 1585 1637 sed
1620 1607 1697 1647 pro

143 1667 445 1716 substantivo,
489 1668 625 1711 multo
668 1667 888 1710 difficilius
931 1671 1000 1710 est
1043 1679 1246 1719 equorum
1283 1666 1503 1709 notionem
1541 1665 1697 1708 ducere

143 1751 272 1791 quam
304 1739 446 1792 priore
478 1738 571 1781 loco
604 1751 833 1792 caprarum
864 1738 1086 1781 notionem
1119 1749 1173 1780 ex
1203 1749 1322 1780 mero
1353 1735 1575 1779 adiectivo
1597 1748 1635 1788 q.
1658 1747 1695 1778 0.

144 1811 353 1865 caprile.

260 1880 411 1923 Tertio
444 1884 591 1923 autem
623 1880 715 1923 loco
748 1879 841 1934 ipse
873 1879 1061 1933 scriptor
1083 1878 1286 1922 duritiem
1308 1875 1535 1932 mitigavit
1563 1889 1697 1930 appo·

143 1951 229 1994 sito
276 1951 557 1994 substantivo
604 1963 658 1994 ex
706 1963 787 2003 quo
835 1950 1103 1994 adiectivum
1148 1948 1256 1991 illud
1304 1947 1374 1991 cui
1419 1947 1698 2002 subiungitur

264 2104 292 2145 1)
319 2104 372 2138 De
407 2102 585 2138 vocabulo
617 2113 649 2147 q.
679 2113 708 2139 e.
743 2113 815 2138 res
854 2103 900 2138 ad
931 2100 1295 2137 circumscribendum
1329 2099 1550 2145 pronominis
1582 2108 1699 2144 genus

143 2165 311 2197 neutrum
345 2166 522 2206 usurpato
550 2161 615 2197 cfr.
641 2161 693 2196 VI
718 2164 765 2197 42
794 2162 879 2197 Cum
914 2161 1112 2207 coyz'tamns
1146 2159 1233 2206 quid
1258 2164 1292 2194 et
1316 2170 1393 2194 eam
1420 2169 1496 2193 rem
1522 2158 1700 2203 aqitamus

145 2221 183 2255 in
208 2224 334 2263 mente,
360 2221 513 2266 aqimus.
564 2219 642 2263 Quo
667 2220 844 2256 vocabulo
870 2231 951 2256 cum
977 2219 1121 2255 omnino
1138 2218 1255 2254 Varro
1285 2228 1356 2254 non
1381 2227 1465 2253 raro
1491 2217 1545 2251 ita
1562 2220 1701 2259 utatur,

147 2283 189 2314 111
221 2278 266 2314 ad
292 2278 561 2314 substantivum
587 2279 768 2323 quoddam
798 2279 1018 2315 antecedens
1050 2277 1282 2313 referendum
1315 2278 1375 2318 sit,
1410 2275 1587 2311 eiusmodi
1612 2274 1701 2310 locis

148 2337 277 2381 quibus
313 2337 466 2381 simplex
496 2347 693 2381 pronomen
726 2337 915 2382 (demonst.
948 2337 1009 2373 vel
1032 2337 1154 2381 relat.)
1187 2335 1273 2381 poni
1298 2335 1390 2371 satis
1416 2334 1530 2370 fuerit
1553 2333 1702 2369 ubertas

145 2395 322 2440 quaedam
342 2396 484 2431 dicendi
503 2396 700 2440 conspicua
719 2401 775 2431 est
792 2395 951 2440 priscum
970 2405 1172 2431 sermonem
1189 2394 1359 2430 redolens
1378 2413 1422 2419 -
1441 2392 1584 2437 plenius
1603 2391 1700 2427 enim

148 2465 278 2491 nomen
305 2454 571 2490 substantivum
595 2454 675 2489 loco
701 2454 922 2499 pronominis
947 2453 1193 2489 introducitur
1210 2465 1274 2496 —3
1300 2452 1367 2488 cfr.
1384 2455 1547 2487 veterem
1565 2450 1703 2485 formu-

147 2513 221 2549 lam
248 2524 270 2548 a
294 2513 459 2549 Varrone
485 2514 535 2558 (11
560 2514 633 2558 5,6)
659 2512 845 2548 laudatam
871 2512 954 2548 illas
979 2523 1063 2548 oves
1081 2523 1150 2558 qua
1169 2511 1212 2546 de
1230 2522 1270 2546 re
1288 2511 1419 2556 aqitur,
1445 2509 1560 2555 ipsius
1579 2513 1701 2544 autem

147 2571 323 2607 Varronis
348 2572 439 2608 haec
463 2570 575 2608 verba
601 2572 768 2616 (quorum
795 2571 1040 2616 exemplorum
1064 2580 1234 2606 numerus
1260 2579 1305 2605 ex
1330 2573 1383 2605 eis
1411 2567 1541 2614 augeri
1566 2570 1701 2612 potest,

151 2641 244 2675 quae
269 2631 362 2666 Keil.
388 2630 434 2666 ad
459 2631 476 2665 Ι
501 2631 582 2673 55,5
607 2630 769 2675 attulit):
795 2630 812 2665 Ι
840 2630 918 2673 2,21
952 2629 1139 2665 Venalium
1163 2638 1296 2674 qreqes
1321 2627 1480 2663 dicemus
1514 2626 1597 2672 aqri
1629 2625 1703 2660 cul·

152 2693 269 2724 turam
296 2700 388 2732 esse,
413 2690 447 2725 si
464 2693 623 2736 propter
646 2689 751 2724 istam
777 2699 852 2724 rem
869 2687 1071 2724 habendum
1089 2687 1321 2723 statuerimus
1331 2699 1344 2728 ;
1369 2686 1387 2722 1
1408 2687 1450 2721 17
1467 2685 1515 2721 in.
1542 2684 1703 2720 homines

146 2752 181 2785 et
196 2748 415 2783 adminicula
432 2747 625 2790 hominum,
653 2749 732 2783 sine
758 2748 884 2795 quibus
910 2747 1018 2782 rebus
1036 2751 1127 2790 etc.;
1153 2745 1211 2781 111
1228 2746 1329 2789 2,14;
1354 2745 1408 2780 111
1426 2745 1525 2788 9‚17;
1550 2743 1641 2779 VIII
1659 2742 1703 2777 10

146 2806 195 2844 In
218 2806 275 2842 his
300 2806 408 2842 rebus
433 2818 526 2853 quae
551 2811 637 2843 sunt
659 2807 826 2850 nomina3
851 2806 886 2842 X
905 2807 943 2852 13
974 2805 1068 2842 adde
1095 2805 1206 2842 etiam
1231 2805 1247 2839 1
1272 2806 1316 2840 22
1343 2806 1454 2840 extr.:
1483 2801 1585 2846 Quae
1610 2800 1703 2836 enim

146 2877 209 2905 res
235 2865 368 2903 cotidie
392 2865 567 2909 videmur,
594 2866 713 2902 minus
738 2869 900 2902 metuunt
919 2865 1053 2911 furem.
