<?xml version="1.0" encoding="UTF-8"?>
<!DOCTYPE html PUBLIC "-//W3C//DTD XHTML 1.0 Transitional//EN"
    "http://www.w3.org/TR/xhtml1/DTD/xhtml1-transitional.dtd">
<html xmlns="http://www.w3.org/1999/xhtml" xml:lang="en" lang="en">
 <head>
  <title>
</title>
<meta http-equiv="Content-Type" content="text/html;charset=utf-8" />
  <meta name='ocr-system' content='tesseract 3.04.00' />
  <meta name='ocr-capabilities' content='ocr_page ocr_carea ocr_par ocr_line ocrx_word'/>
</head>
<body>
  <div class='ocr_page' id='page_1' title='image "./syntaxislucretia00holtuoft_0417.png"; bbox 0 0 1833 3048; ppageno 0'>
   <div class='ocr_carea' id='block_1_1' title="bbox 810 56 1100 92">
    <p class='ocr_par' dir='ltr' id='par_1_1' title="bbox 810 56 1100 92">
     <span class='ocr_line' id='line_1_1' title="bbox 810 56 1100 92; baseline 0.003 -10"><span class='ocrx_word' id='word_1_1' title='bbox 810 56 1100 92; x_wconf 60' lang='lat'>—69.„</span> 
     </span>
    </p>
   </div>
   <div class='ocr_carea' id='block_1_2' title="bbox 173 168 1730 1207">
    <p class='ocr_par' dir='ltr' id='par_1_2' title="bbox 173 168 1730 1207">
     <span class='ocr_line' id='line_1_2' title="bbox 181 168 1729 224; baseline 0.001 -13"><span class='ocrx_word' id='word_1_2' title='bbox 181 169 431 212; x_wconf 85' lang='lat' dir='ltr'>sententiae</span> <span class='ocrx_word' id='word_1_3' title='bbox 462 168 669 222; x_wconf 83' lang='lat' dir='ltr'>partium)</span> <span class='ocrx_word' id='word_1_4' title='bbox 702 168 831 212; x_wconf 83' lang='lat' dir='ltr'>facile</span> <span class='ocrx_word' id='word_1_5' title='bbox 869 169 1155 224; x_wconf 84' lang='lat' dir='ltr'>intellegitur.</span> <span class='ocrx_word' id='word_1_6' title='bbox 1220 170 1403 213; x_wconf 87' lang='lat' dir='ltr'>Omnino</span> <span class='ocrx_word' id='word_1_7' title='bbox 1436 173 1583 212; x_wconf 88' lang='lat' dir='ltr'>autem</span> <span class='ocrx_word' id='word_1_8' title='bbox 1616 170 1729 223; x_wconf 85' lang='lat' dir='ltr'>apud</span> 
     </span>
     <span class='ocr_line' id='line_1_3' title="bbox 179 239 1728 292; baseline 0.001 -11"><span class='ocrx_word' id='word_1_9' title='bbox 179 239 413 292; x_wconf 80' lang='lat' dir='ltr'>scriptores</span> <span class='ocrx_word' id='word_1_10' title='bbox 438 239 640 291; x_wconf 85' lang='lat' dir='ltr'>antiquos</span> <span class='ocrx_word' id='word_1_11' title='bbox 664 240 890 282; x_wconf 87' lang='lat' dir='ltr'>verborum</span> <span class='ocrx_word' id='word_1_12' title='bbox 923 240 1200 283; x_wconf 77' lang='lat' dir='ltr'>collocationi</span> <span class='ocrx_word' id='word_1_13' title='bbox 1221 241 1308 283; x_wconf 87' lang='lat' dir='ltr'>vim</span> <span class='ocrx_word' id='word_1_14' title='bbox 1330 241 1473 282; x_wconf 87' lang='lat' dir='ltr'>inesse</span> <span class='ocrx_word' id='word_1_15' title='bbox 1503 254 1529 282; x_wconf 90' lang='lat' dir='ltr'>a</span> <span class='ocrx_word' id='word_1_16' title='bbox 1551 244 1728 283; x_wconf 89' lang='lat' dir='ltr'>nostrae</span> 
     </span>
     <span class='ocr_line' id='line_1_4' title="bbox 181 309 1730 364; baseline 0.001 -13"><span class='ocrx_word' id='word_1_17' title='bbox 181 309 348 351; x_wconf 88' lang='lat' dir='ltr'>aetatis</span> <span class='ocrx_word' id='word_1_18' title='bbox 380 309 539 363; x_wconf 88' lang='lat' dir='ltr'>linguis</span> <span class='ocrx_word' id='word_1_19' title='bbox 576 309 704 362; x_wconf 88' lang='lat' dir='ltr'>plane</span> <span class='ocrx_word' id='word_1_20' title='bbox 728 310 943 352; x_wconf 84' lang='lat' dir='ltr'>diversam</span> <span class='ocrx_word' id='word_1_21' title='bbox 965 310 1127 363; x_wconf 88' lang='lat' dir='ltr'>primus</span> <span class='ocrx_word' id='word_1_22' title='bbox 1161 311 1373 364; x_wconf 81' lang='lat' dir='ltr'>copiosius</span> <span class='ocrx_word' id='word_1_23' title='bbox 1412 310 1730 353; x_wconf 88' lang='lat' dir='ltr'>demonstravit</span> 
     </span>
     <span class='ocr_line' id='line_1_5' title="bbox 180 379 1728 437; baseline 0 -15"><span class='ocrx_word' id='word_1_24' title='bbox 180 380 464 434; x_wconf 76' lang='lat' dir='ltr'>Nagelsbach</span> <span class='ocrx_word' id='word_1_25' title='bbox 495 380 540 422; x_wconf 90' lang='lat' dir='ltr'>in</span> <span class='ocrx_word' id='word_1_26' title='bbox 570 379 682 422; x_wconf 90' lang='lat' dir='ltr'>libro</span> <span class='ocrx_word' id='word_1_27' title='bbox 715 380 891 435; x_wconf 84' lang='lat' dir='ltr'>egregio</span> <span class='ocrx_word' id='word_1_28' title='bbox 935 380 1113 434; x_wconf 81' lang='lat' dir='ltr'>(Stilist.</span> <span class='ocrx_word' id='word_1_29' title='bbox 1149 380 1173 437; x_wconf 64' lang='grc' dir='ltr'>ξ</span> <span class='ocrx_word' id='word_1_30' title='bbox 1218 386 1295 422; x_wconf 81' lang='grc'>166</span> <span class='ocrx_word' id='word_1_31' title='bbox 1338 379 1449 433; x_wconf 85' lang='lat' dir='ltr'><strong>sqq).</strong></span> <span class='ocrx_word' id='word_1_32' title='bbox 1514 379 1598 436; x_wconf 74' lang='lat' dir='ltr'>Qui</span> <span class='ocrx_word' id='word_1_33' title='bbox 1630 393 1728 423; x_wconf 82' lang='lat' dir='ltr'>oon-</span> 
     </span>
     <span class='ocr_line' id='line_1_6' title="bbox 177 449 1728 505; baseline 0.001 -14"><span class='ocrx_word' id='word_1_34' title='bbox 177 449 372 492; x_wconf 85' lang='lat' dir='ltr'>iunctam</span> <span class='ocrx_word' id='word_1_35' title='bbox 395 463 490 493; x_wconf 90' lang='lat' dir='ltr'>esse</span> <span class='ocrx_word' id='word_1_36' title='bbox 524 449 717 492; x_wconf 87' lang='lat' dir='ltr'>ostendit</span> <span class='ocrx_word' id='word_1_37' title='bbox 740 450 1069 493; x_wconf 77' lang='lat' dir='ltr'>collocationem</span> <span class='ocrx_word' id='word_1_38' title='bbox 1090 451 1317 494; x_wconf 87' lang='lat' dir='ltr'>verborum</span> <span class='ocrx_word' id='word_1_39' title='bbox 1349 451 1393 493; x_wconf 91' lang='lat' dir='ltr'>in</span> <span class='ocrx_word' id='word_1_40' title='bbox 1414 451 1564 505; x_wconf 82' lang='lat' dir='ltr'>lingua</span> <span class='ocrx_word' id='word_1_41' title='bbox 1586 451 1728 493; x_wconf 86' lang='lat' dir='ltr'>latina</span> 
     </span>
     <span class='ocr_line' id='line_1_7' title="bbox 176 520 1727 574; baseline 0.001 -12"><span class='ocrx_word' id='word_1_42' title='bbox 176 521 239 572; x_wconf 89' lang='lat' dir='ltr'>(et</span> <span class='ocrx_word' id='word_1_43' title='bbox 271 520 314 562; x_wconf 91' lang='lat' dir='ltr'>in</span> <span class='ocrx_word' id='word_1_44' title='bbox 347 533 507 574; x_wconf 83' lang='lat' dir='ltr'>graeca</span> <span class='ocrx_word' id='word_1_45' title='bbox 539 532 718 574; x_wconf 84' lang='lat' dir='ltr'>quoque,</span> <span class='ocrx_word' id='word_1_46' title='bbox 753 521 829 563; x_wconf 86' lang='lat' dir='ltr'>sed</span> <span class='ocrx_word' id='word_1_47' title='bbox 861 533 913 563; x_wconf 91' lang='lat' dir='ltr'>ea</span> <span class='ocrx_word' id='word_1_48' title='bbox 945 521 1053 563; x_wconf 85' lang='lat' dir='ltr'>nihil</span> <span class='ocrx_word' id='word_1_49' title='bbox 1085 521 1141 562; x_wconf 89' lang='lat' dir='ltr'>ad</span> <span class='ocrx_word' id='word_1_50' title='bbox 1172 524 1266 573; x_wconf 89' lang='lat' dir='ltr'>nos)</span> <span class='ocrx_word' id='word_1_51' title='bbox 1306 534 1400 563; x_wconf 84' lang='lat' dir='ltr'>cum</span> <span class='ocrx_word' id='word_1_52' title='bbox 1434 533 1484 562; x_wconf 85' lang='lat' dir='ltr'>ea</span> <span class='ocrx_word' id='word_1_53' title='bbox 1518 520 1727 563; x_wconf 88' lang='lat' dir='ltr'>sermonis</span> 
     </span>
     <span class='ocr_line' id='line_1_8' title="bbox 176 591 1728 643; baseline 0.001 -12"><span class='ocrx_word' id='word_1_54' title='bbox 176 591 451 643; x_wconf 80' lang='lat' dir='ltr'>proprietate</span> <span class='ocrx_word' id='word_1_55' title='bbox 504 593 554 633; x_wconf 92' lang='lat' dir='ltr'>ut</span> <span class='ocrx_word' id='word_1_56' title='bbox 605 594 704 634; x_wconf 90' lang='lat' dir='ltr'>tota</span> <span class='ocrx_word' id='word_1_57' title='bbox 749 591 935 633; x_wconf 89' lang='lat' dir='ltr'>elocutio</span> <span class='ocrx_word' id='word_1_58' title='bbox 977 591 1021 632; x_wconf 89' lang='lat' dir='ltr'>in</span> <span class='ocrx_word' id='word_1_59' title='bbox 1064 592 1298 634; x_wconf 82' lang='lat' dir='ltr'>antithetis</span> <span class='ocrx_word' id='word_1_60' title='bbox 1352 593 1563 634; x_wconf 86' lang='lat' dir='ltr'>versetur.</span> <span class='ocrx_word' id='word_1_61' title='bbox 1633 591 1728 632; x_wconf 90' lang='lat' dir='ltr'>Iam</span> 
     </span>
     <span class='ocr_line' id='line_1_9' title="bbox 177 660 1728 716; baseline 0 -13"><span class='ocrx_word' id='word_1_62' title='bbox 177 672 279 703; x_wconf 90' lang='lat' dir='ltr'>vero</span> <span class='ocrx_word' id='word_1_63' title='bbox 313 661 492 704; x_wconf 89' lang='lat' dir='ltr'>duarum</span> <span class='ocrx_word' id='word_1_64' title='bbox 520 660 738 703; x_wconf 85' lang='lat' dir='ltr'>rationum</span> <span class='ocrx_word' id='word_1_65' title='bbox 771 661 923 713; x_wconf 89' lang='lat' dir='ltr'>quibus</span> <span class='ocrx_word' id='word_1_66' title='bbox 956 662 1146 704; x_wconf 87' lang='lat' dir='ltr'>membra</span> <span class='ocrx_word' id='word_1_67' title='bbox 1180 662 1381 716; x_wconf 83' lang='lat' dir='ltr'>opposita</span> <span class='ocrx_word' id='word_1_68' title='bbox 1412 661 1528 703; x_wconf 87' lang='lat' dir='ltr'>inter</span> <span class='ocrx_word' id='word_1_69' title='bbox 1575 673 1621 703; x_wconf 93' lang='lat' dir='ltr'>se</span> <span class='ocrx_word' id='word_1_70' title='bbox 1662 673 1728 703; x_wconf 92' lang='lat' dir='ltr'>re-</span> 
     </span>
     <span class='ocr_line' id='line_1_10' title="bbox 180 730 1730 786; baseline -0.001 -12"><span class='ocrx_word' id='word_1_71' title='bbox 180 730 391 784; x_wconf 84' lang='lat' dir='ltr'>spondere</span> <span class='ocrx_word' id='word_1_72' title='bbox 408 733 603 784; x_wconf 83' lang='lat' dir='ltr'>possunt,</span> <span class='ocrx_word' id='word_1_73' title='bbox 629 743 735 783; x_wconf 86' lang='lat' dir='ltr'>quas</span> <span class='ocrx_word' id='word_1_74' title='bbox 753 731 935 774; x_wconf 88' lang='lat' dir='ltr'>chiasmi</span> <span class='ocrx_word' id='word_1_75' title='bbox 953 735 998 774; x_wconf 91' lang='lat' dir='ltr'>et</span> <span class='ocrx_word' id='word_1_76' title='bbox 1012 732 1260 786; x_wconf 88' lang='lat' dir='ltr'>anaphorae</span> <span class='ocrx_word' id='word_1_77' title='bbox 1276 732 1518 776; x_wconf 82' lang='lat' dir='ltr'>nominibus</span> <span class='ocrx_word' id='word_1_78' title='bbox 1535 731 1730 774; x_wconf 88' lang='lat' dir='ltr'>breviter</span> 
     </span>
     <span class='ocr_line' id='line_1_11' title="bbox 181 801 1729 856; baseline 0 -12"><span class='ocrx_word' id='word_1_79' title='bbox 181 801 448 855; x_wconf 84' lang='lat' dir='ltr'>significavit</span> <span class='ocrx_word' id='word_1_80' title='bbox 470 801 766 856; x_wconf 72' lang='lat' dir='ltr'>Nagelsbach,</span> <span class='ocrx_word' id='word_1_81' title='bbox 797 814 890 844; x_wconf 88' lang='lat' dir='ltr'>cum</span> <span class='ocrx_word' id='word_1_82' title='bbox 923 803 1155 845; x_wconf 88' lang='lat' dir='ltr'>cuiuslibet</span> <span class='ocrx_word' id='word_1_83' title='bbox 1178 803 1369 845; x_wconf 88' lang='lat' dir='ltr'>auctoris</span> <span class='ocrx_word' id='word_1_84' title='bbox 1402 802 1729 854; x_wconf 84' lang='lat' dir='ltr'>unumquodque</span> 
     </span>
     <span class='ocr_line' id='line_1_12' title="bbox 175 872 1727 926; baseline 0.001 -12"><span class='ocrx_word' id='word_1_85' title='bbox 175 872 266 915; x_wconf 89' lang='lat' dir='ltr'>fere</span> <span class='ocrx_word' id='word_1_86' title='bbox 307 872 582 915; x_wconf 86' lang='lat' dir='ltr'>enuntiatum</span> <span class='ocrx_word' id='word_1_87' title='bbox 620 872 818 925; x_wconf 82' lang='lat' dir='ltr'>exempla</span> <span class='ocrx_word' id='word_1_88' title='bbox 863 873 1087 915; x_wconf 79' lang='lat' dir='ltr'>exhibeat:</span> <span class='ocrx_word' id='word_1_89' title='bbox 1127 873 1164 916; x_wconf 88' lang='lat' dir='ltr'>si</span> <span class='ocrx_word' id='word_1_90' title='bbox 1202 873 1296 926; x_wconf 84' lang='lat' dir='ltr'>quis</span> <span class='ocrx_word' id='word_1_91' title='bbox 1330 873 1386 915; x_wconf 81' lang='lat' dir='ltr'>ad.</span> <span class='ocrx_word' id='word_1_92' title='bbox 1423 886 1551 915; x_wconf 89' lang='lat' dir='ltr'>unum</span> <span class='ocrx_word' id='word_1_93' title='bbox 1585 872 1727 915; x_wconf 84' lang='lat' dir='ltr'>omnia</span> 
     </span>
     <span class='ocr_line' id='line_1_13' title="bbox 178 943 1728 997; baseline 0 -13"><span class='ocrx_word' id='word_1_94' title='bbox 178 955 230 984; x_wconf 90' lang='lat' dir='ltr'>ea</span> <span class='ocrx_word' id='word_1_95' title='bbox 275 943 479 997; x_wconf 87' lang='lat' dir='ltr'>colligere</span> <span class='ocrx_word' id='word_1_96' title='bbox 522 946 567 984; x_wconf 89' lang='lat' dir='ltr'>et</span> <span class='ocrx_word' id='word_1_97' title='bbox 609 955 685 995; x_wconf 91' lang='lat' dir='ltr'>per</span> <span class='ocrx_word' id='word_1_98' title='bbox 726 955 887 997; x_wconf 87' lang='lat' dir='ltr'>genera</span> <span class='ocrx_word' id='word_1_99' title='bbox 927 944 1188 987; x_wconf 85' lang='lat' dir='ltr'>distribuere</span> <span class='ocrx_word' id='word_1_100' title='bbox 1226 943 1447 996; x_wconf 84' lang='lat' dir='ltr'>instituat,</span> <span class='ocrx_word' id='word_1_101' title='bbox 1492 944 1547 986; x_wconf 89' lang='lat' dir='ltr'>ad</span> <span class='ocrx_word' id='word_1_102' title='bbox 1589 944 1728 996; x_wconf 82' lang='lat' dir='ltr'>ipsam</span> 
     </span>
     <span class='ocr_line' id='line_1_14' title="bbox 176 1013 1728 1068; baseline 0.001 -13"><span class='ocrx_word' id='word_1_103' title='bbox 176 1013 361 1066; x_wconf 85' lang='lat' dir='ltr'>figuram</span> <span class='ocrx_word' id='word_1_104' title='bbox 400 1013 701 1067; x_wconf 82' lang='lat' dir='ltr'>explicandam</span> <span class='ocrx_word' id='word_1_105' title='bbox 739 1026 880 1066; x_wconf 88' lang='lat' dir='ltr'>pauca</span> <span class='ocrx_word' id='word_1_106' title='bbox 918 1013 1112 1056; x_wconf 88' lang='lat' dir='ltr'>conferre</span> <span class='ocrx_word' id='word_1_107' title='bbox 1150 1014 1332 1068; x_wconf 80' lang='lat' dir='ltr'>poterit3</span> <span class='ocrx_word' id='word_1_108' title='bbox 1367 1013 1411 1055; x_wconf 88' lang='lat' dir='ltr'>id</span> <span class='ocrx_word' id='word_1_109' title='bbox 1443 1016 1614 1056; x_wconf 89' lang='lat' dir='ltr'>tantum</span> <span class='ocrx_word' id='word_1_110' title='bbox 1648 1014 1728 1056; x_wconf 93' lang='lat' dir='ltr'>hoc</span> 
     </span>
     <span class='ocr_line' id='line_1_15' title="bbox 175 1083 1727 1139; baseline 0.001 -14"><span class='ocrx_word' id='word_1_111' title='bbox 175 1095 350 1126; x_wconf 89' lang='lat' dir='ltr'>munere</span> <span class='ocrx_word' id='word_1_112' title='bbox 383 1086 586 1137; x_wconf 88' lang='lat' dir='ltr'>suscepto</span> <span class='ocrx_word' id='word_1_113' title='bbox 620 1083 781 1126; x_wconf 86' lang='lat' dir='ltr'>certius</span> <span class='ocrx_word' id='word_1_114' title='bbox 813 1084 978 1136; x_wconf 88' lang='lat' dir='ltr'>poterit</span> <span class='ocrx_word' id='word_1_115' title='bbox 1002 1085 1182 1139; x_wconf 83' lang='lat' dir='ltr'>definiri,</span> <span class='ocrx_word' id='word_1_116' title='bbox 1216 1087 1358 1127; x_wconf 86' lang='lat' dir='ltr'>utram</span> <span class='ocrx_word' id='word_1_117' title='bbox 1383 1084 1562 1137; x_wconf 87' lang='lat' dir='ltr'>quisque</span> <span class='ocrx_word' id='word_1_118' title='bbox 1595 1084 1727 1137; x_wconf 88' lang='lat' dir='ltr'>scrip-</span> 
     </span>
     <span class='ocr_line' id='line_1_16' title="bbox 173 1153 924 1207; baseline 0 -12"><span class='ocrx_word' id='word_1_119' title='bbox 173 1156 245 1196; x_wconf 85' lang='lat' dir='ltr'>tor</span> <span class='ocrx_word' id='word_1_120' title='bbox 275 1153 456 1197; x_wconf 84' lang='lat' dir='ltr'>formam</span> <span class='ocrx_word' id='word_1_121' title='bbox 489 1154 621 1197; x_wconf 90' lang='lat' dir='ltr'>alteri</span> <span class='ocrx_word' id='word_1_122' title='bbox 651 1154 924 1207; x_wconf 84' lang='lat' dir='ltr'>praetulerit.</span> 
     </span>
    </p>
   </div>
   <div class='ocr_carea' id='block_1_3' title="bbox 168 1284 1727 2058">
    <p class='ocr_par' dir='ltr' id='par_1_3' title="bbox 891 1284 1015 1335">
     <span class='ocr_line' id='line_1_17' title="bbox 891 1284 1015 1335; baseline 0.008 -12"><span class='ocrx_word' id='word_1_123' title='bbox 891 1284 914 1335; x_wconf 73' lang='lat'>§</span> <span class='ocrx_word' id='word_1_124' title='bbox 950 1287 1015 1324; x_wconf 77' lang='lat'>53.</span> 
     </span>
    </p>

    <p class='ocr_par' dir='ltr' id='par_1_4' title="bbox 169 1364 1727 1974">
     <span class='ocr_line' id='line_1_18' title="bbox 295 1364 1727 1420; baseline 0 -13"><span class='ocrx_word' id='word_1_125' title='bbox 295 1365 368 1408; x_wconf 88' lang='lat' dir='ltr'>Ad</span> <span class='ocrx_word' id='word_1_126' title='bbox 401 1364 643 1408; x_wconf 88' lang='lat' dir='ltr'>Varronem</span> <span class='ocrx_word' id='word_1_127' title='bbox 683 1365 795 1418; x_wconf 89' lang='lat' dir='ltr'>quod</span> <span class='ocrx_word' id='word_1_128' title='bbox 835 1364 1021 1418; x_wconf 83' lang='lat' dir='ltr'>attinet,</span> <span class='ocrx_word' id='word_1_129' title='bbox 1062 1377 1156 1408; x_wconf 90' lang='lat' dir='ltr'>cum</span> <span class='ocrx_word' id='word_1_130' title='bbox 1188 1378 1271 1408; x_wconf 91' lang='lat' dir='ltr'>non</span> <span class='ocrx_word' id='word_1_131' title='bbox 1305 1366 1454 1408; x_wconf 90' lang='lat' dir='ltr'>eadem</span> <span class='ocrx_word' id='word_1_132' title='bbox 1495 1365 1727 1420; x_wconf 83' lang='lat' dir='ltr'>diligentia</span> 
     </span>
     <span class='ocr_line' id='line_1_19' title="bbox 176 1435 1727 1490; baseline 0 -12"><span class='ocrx_word' id='word_1_133' title='bbox 176 1435 396 1490; x_wconf 88' lang='lat' dir='ltr'>perpolita</span> <span class='ocrx_word' id='word_1_134' title='bbox 429 1436 518 1479; x_wconf 90' lang='lat' dir='ltr'>sint</span> <span class='ocrx_word' id='word_1_135' title='bbox 551 1436 642 1479; x_wconf 88' lang='lat' dir='ltr'>eius</span> <span class='ocrx_word' id='word_1_136' title='bbox 675 1448 818 1489; x_wconf 73' lang='lat' dir='ltr'>opera,</span> <span class='ocrx_word' id='word_1_137' title='bbox 853 1435 1121 1490; x_wconf 86' lang='lat' dir='ltr'>singularum</span> <span class='ocrx_word' id='word_1_138' title='bbox 1149 1435 1339 1488; x_wconf 87' lang='lat' dir='ltr'>partium</span> <span class='ocrx_word' id='word_1_139' title='bbox 1362 1448 1464 1478; x_wconf 88' lang='lat' dir='ltr'>usus</span> <span class='ocrx_word' id='word_1_140' title='bbox 1487 1436 1727 1489; x_wconf 89' lang='lat' dir='ltr'>separatim</span> 
     </span>
     <span class='ocr_line' id='line_1_20' title="bbox 173 1505 1725 1562; baseline -0.001 -13"><span class='ocrx_word' id='word_1_141' title='bbox 173 1507 436 1550; x_wconf 87' lang='lat' dir='ltr'>tractandus</span> <span class='ocrx_word' id='word_1_142' title='bbox 469 1506 566 1549; x_wconf 91' lang='lat' dir='ltr'>erit.</span> <span class='ocrx_word' id='word_1_143' title='bbox 631 1507 853 1562; x_wconf 78' lang='lat' dir='ltr'>Quantum</span> <span class='ocrx_word' id='word_1_144' title='bbox 885 1519 997 1549; x_wconf 91' lang='lat' dir='ltr'>nunc</span> <span class='ocrx_word' id='word_1_145' title='bbox 1029 1506 1221 1549; x_wconf 88' lang='lat' dir='ltr'>iudicare</span> <span class='ocrx_word' id='word_1_146' title='bbox 1254 1505 1357 1548; x_wconf 90' lang='lat' dir='ltr'>mihi</span> <span class='ocrx_word' id='word_1_147' title='bbox 1400 1506 1504 1548; x_wconf 88' lang='lat' dir='ltr'>licet</span> <span class='ocrx_word' id='word_1_148' title='bbox 1536 1530 1589 1536; x_wconf 94' lang='lat'>—</span> <span class='ocrx_word' id='word_1_149' title='bbox 1625 1519 1725 1549; x_wconf 89' lang='lat' dir='ltr'>nam</span> 
     </span>
     <span class='ocr_line' id='line_1_21' title="bbox 171 1577 1725 1631; baseline -0.001 -11"><span class='ocrx_word' id='word_1_150' title='bbox 171 1577 208 1620; x_wconf 86' lang='lat' dir='ltr'>si</span> <span class='ocrx_word' id='word_1_151' title='bbox 241 1580 384 1620; x_wconf 85' lang='lat' dir='ltr'>totam</span> <span class='ocrx_word' id='word_1_152' title='bbox 415 1590 504 1620; x_wconf 90' lang='lat' dir='ltr'>rem</span> <span class='ocrx_word' id='word_1_153' title='bbox 539 1577 594 1620; x_wconf 90' lang='lat' dir='ltr'>ad</span> <span class='ocrx_word' id='word_1_154' title='bbox 624 1578 752 1621; x_wconf 89' lang='lat' dir='ltr'>finem</span> <span class='ocrx_word' id='word_1_155' title='bbox 784 1577 1020 1631; x_wconf 89' lang='lat' dir='ltr'>perducere</span> <span class='ocrx_word' id='word_1_156' title='bbox 1051 1577 1296 1630; x_wconf 82' lang='lat' dir='ltr'>voluissem,</span> <span class='ocrx_word' id='word_1_157' title='bbox 1340 1577 1422 1619; x_wconf 85' lang='lat' dir='ltr'>hac</span> <span class='ocrx_word' id='word_1_158' title='bbox 1455 1589 1540 1619; x_wconf 87' lang='lat' dir='ltr'>una</span> <span class='ocrx_word' id='word_1_159' title='bbox 1573 1589 1725 1630; x_wconf 89' lang='lat' dir='ltr'>quaes-</span> 
     </span>
     <span class='ocr_line' id='line_1_22' title="bbox 170 1647 1725 1702; baseline -0.001 -12"><span class='ocrx_word' id='word_1_160' title='bbox 170 1648 290 1691; x_wconf 86' lang='lat' dir='ltr'>tione</span> <span class='ocrx_word' id='word_1_161' title='bbox 314 1648 537 1691; x_wconf 89' lang='lat' dir='ltr'>continere</span> <span class='ocrx_word' id='word_1_162' title='bbox 559 1661 626 1692; x_wconf 89' lang='lat' dir='ltr'>me</span> <span class='ocrx_word' id='word_1_163' title='bbox 649 1649 860 1692; x_wconf 88' lang='lat' dir='ltr'>debebam</span> <span class='ocrx_word' id='word_1_164' title='bbox 884 1673 935 1678; x_wconf 94' lang='lat'>-—</span> <span class='ocrx_word' id='word_1_165' title='bbox 960 1647 1283 1702; x_wconf 88' lang='lat' dir='ltr'>parallelismus</span> <span class='ocrx_word' id='word_1_166' title='bbox 1307 1648 1403 1700; x_wconf 90' lang='lat' dir='ltr'>(hoc</span> <span class='ocrx_word' id='word_1_167' title='bbox 1421 1647 1532 1690; x_wconf 90' lang='lat' dir='ltr'>enim</span> <span class='ocrx_word' id='word_1_168' title='bbox 1555 1647 1725 1690; x_wconf 90' lang='lat' dir='ltr'>nomine</span> 
     </span>
     <span class='ocr_line' id='line_1_23' title="bbox 169 1718 1726 1773; baseline -0.001 -11"><span class='ocrx_word' id='word_1_169' title='bbox 169 1719 333 1762; x_wconf 88' lang='lat' dir='ltr'>rectius</span> <span class='ocrx_word' id='word_1_170' title='bbox 367 1723 537 1762; x_wconf 89' lang='lat' dir='ltr'>utemur</span> <span class='ocrx_word' id='word_1_171' title='bbox 569 1732 697 1773; x_wconf 86' lang='lat' dir='ltr'>quam</span> <span class='ocrx_word' id='word_1_172' title='bbox 730 1719 998 1773; x_wconf 81' lang='lat' dir='ltr'>anaphorae3</span> <span class='ocrx_word' id='word_1_173' title='bbox 1033 1718 1110 1762; x_wconf 89' lang='lat' dir='ltr'>cfr.</span> <span class='ocrx_word' id='word_1_174' title='bbox 1143 1719 1193 1761; x_wconf 90' lang='lat' dir='ltr'>L.</span> <span class='ocrx_word' id='word_1_175' title='bbox 1228 1732 1267 1762; x_wconf 92' lang='lat' dir='ltr'>v.</span> <span class='ocrx_word' id='word_1_176' title='bbox 1301 1719 1404 1772; x_wconf 72' lang='lat' dir='ltr'>Jan,</span> <span class='ocrx_word' id='word_1_177' title='bbox 1438 1719 1620 1761; x_wconf 74' lang='lat' dir='ltr'>Blatter</span> <span class='ocrx_word' id='word_1_178' title='bbox 1657 1718 1726 1760; x_wconf 80' lang='lat' dir='ltr'>fiir</span> 
     </span>
     <span class='ocr_line' id='line_1_24' title="bbox 169 1788 1723 1846; baseline 0 -15"><span class='ocrx_word' id='word_1_179' title='bbox 169 1791 291 1844; x_wconf 85' lang='lat' dir='ltr'>bayr.</span> <span class='ocrx_word' id='word_1_180' title='bbox 326 1789 536 1844; x_wconf 77' lang='lat' dir='ltr'>Gymnas.</span> <span class='ocrx_word' id='word_1_181' title='bbox 568 1791 645 1833; x_wconf 92' lang='lat' dir='ltr'>III</span> <span class='ocrx_word' id='word_1_182' title='bbox 685 1791 784 1846; x_wconf 82' lang='lat'>272)</span> <span class='ocrx_word' id='word_1_183' title='bbox 828 1790 963 1833; x_wconf 91' lang='lat' dir='ltr'>etiam</span> <span class='ocrx_word' id='word_1_184' title='bbox 1006 1789 1121 1843; x_wconf 87' lang='lat' dir='ltr'>apud</span> <span class='ocrx_word' id='word_1_185' title='bbox 1159 1790 1403 1835; x_wconf 87' lang='lat' dir='ltr'>Varronem</span> <span class='ocrx_word' id='word_1_186' title='bbox 1445 1788 1618 1842; x_wconf 86' lang='lat' dir='ltr'>saepius</span> <span class='ocrx_word' id='word_1_187' title='bbox 1661 1788 1723 1831; x_wconf 92' lang='lat' dir='ltr'>in-</span> 
     </span>
     <span class='ocr_line' id='line_1_25' title="bbox 169 1859 1723 1914; baseline -0.002 -10"><span class='ocrx_word' id='word_1_188' title='bbox 169 1860 345 1904; x_wconf 89' lang='lat' dir='ltr'>venitur</span> <span class='ocrx_word' id='word_1_189' title='bbox 377 1873 505 1914; x_wconf 88' lang='lat' dir='ltr'>quam</span> <span class='ocrx_word' id='word_1_190' title='bbox 537 1860 767 1904; x_wconf 86' lang='lat' dir='ltr'>chiasmus.</span> <span class='ocrx_word' id='word_1_191' title='bbox 830 1861 1044 1913; x_wconf 81' lang='lat' dir='ltr'>Exempla</span> <span class='ocrx_word' id='word_1_192' title='bbox 1076 1859 1321 1909; x_wconf 82' lang='lat' dir='ltr'>abundant3</span> <span class='ocrx_word' id='word_1_193' title='bbox 1355 1859 1619 1913; x_wconf 85' lang='lat' dir='ltr'>paucissima</span> <span class='ocrx_word' id='word_1_194' title='bbox 1652 1872 1723 1902; x_wconf 82' lang='lat' dir='ltr'>ex-</span> 
     </span>
     <span class='ocr_line' id='line_1_26' title="bbox 169 1931 376 1974; baseline -0.01 -1"><span class='ocrx_word' id='word_1_195' title='bbox 169 1931 376 1974; x_wconf 83' lang='lat' dir='ltr'>scribam:</span> 
     </span>
    </p>

    <p class='ocr_par' dir='ltr' id='par_1_5' title="bbox 168 2001 1387 2058">
     <span class='ocr_line' id='line_1_27' title="bbox 168 2001 1387 2058; baseline -0.002 -11"><span class='ocrx_word' id='word_1_196' title='bbox 168 2001 245 2044; x_wconf 87' lang='lat' dir='ltr'>III</span> <span class='ocrx_word' id='word_1_197' title='bbox 282 2006 347 2056; x_wconf 74' lang='lat'>1‚4</span> <span class='ocrx_word' id='word_1_198' title='bbox 380 2007 417 2047; x_wconf 75' lang='lat' dir='ltr'>et</span> <span class='ocrx_word' id='word_1_199' title='bbox 448 2004 498 2047; x_wconf 72' lang='lat' dir='ltr'>in</span> <span class='ocrx_word' id='word_1_200' title='bbox 528 2017 627 2058; x_wconf 77' lang='lat' dir='ltr'>pace</span> <span class='ocrx_word' id='word_1_201' title='bbox 659 2018 684 2046; x_wconf 81' lang='lat' dir='ltr'>u</span> <span class='ocrx_word' id='word_1_202' title='bbox 716 2004 890 2046; x_wconf 71' lang='lat' dir='ltr'>rusticis</span> <span class='ocrx_word' id='word_1_203' title='bbox 920 2002 1133 2047; x_wconf 72' lang='lat' dir='ltr'>Romanis</span> <span class='ocrx_word' id='word_1_204' title='bbox 1164 2003 1387 2046; x_wconf 72' lang='lat' dir='ltr'>alebantur</span> 
     </span>
    </p>
   </div>
   <div class='ocr_carea' id='block_1_4' title="bbox 165 2073 1718 2481">
    <p class='ocr_par' dir='ltr' id='par_1_6' title="bbox 165 2073 1718 2481">
     <span class='ocr_line' id='line_1_28' title="bbox 381 2073 1447 2125; baseline -0.001 -9"><span class='ocrx_word' id='word_1_205' title='bbox 381 2078 418 2117; x_wconf 74' lang='lat' dir='ltr'>et</span> <span class='ocrx_word' id='word_1_206' title='bbox 452 2075 499 2117; x_wconf 74' lang='lat' dir='ltr'>z&#39;u</span> <span class='ocrx_word' id='word_1_207' title='bbox 530 2074 630 2117; x_wconf 76' lang='lat' dir='ltr'>bello</span> <span class='ocrx_word' id='word_1_208' title='bbox 662 2074 711 2117; x_wconf 77' lang='grc' dir='ltr'>αἶ)</span> <span class='ocrx_word' id='word_1_209' title='bbox 875 2074 941 2117; x_wconf 70' lang='lat' dir='ltr'>his</span> <span class='ocrx_word' id='word_1_210' title='bbox 1164 2073 1447 2125; x_wconf 67' lang='lat' dir='ltr'>ducebantur,·</span> 
     </span>
     <span class='ocr_line' id='line_1_29' title="bbox 171 2142 1448 2199; baseline 0 -14"><span class='ocrx_word' id='word_1_211' title='bbox 171 2142 247 2185; x_wconf 89' lang='lat' dir='ltr'>III</span> <span class='ocrx_word' id='word_1_212' title='bbox 282 2146 379 2191; x_wconf 68' lang='lat'>5,14</span> <span class='ocrx_word' id='word_1_213' title='bbox 413 2144 564 2199; x_wconf 79' lang='lat' dir='ltr'>quibus</span> <span class='ocrx_word' id='word_1_214' title='bbox 595 2156 706 2195; x_wconf 75' lang='lat' dir='ltr'>aqua</span> <span class='ocrx_word' id='word_1_215' title='bbox 737 2144 1013 2188; x_wconf 56' lang='lat' dir='ltr'>ministratici·</span> <span class='ocrx_word' id='word_1_216' title='bbox 1037 2157 1116 2198; x_wconf 72' lang='lat' dir='ltr'>per</span> <span class='ocrx_word' id='word_1_217' title='bbox 1149 2143 1448 2195; x_wconf 65' lang='lat' dir='ltr'>canaliozuzmz,</span> 
     </span>
     <span class='ocr_line' id='line_1_30' title="bbox 595 2214 1297 2266; baseline -0.003 -9"><span class='ocrx_word' id='word_1_218' title='bbox 595 2215 709 2258; x_wconf 70' lang='lat' dir='ltr'>cibus</span> <span class='ocrx_word' id='word_1_219' title='bbox 741 2214 918 2258; x_wconf 69' lang='lat' dir='ltr'>obicitur</span> <span class='ocrx_word' id='word_1_220' title='bbox 1043 2214 1117 2256; x_wconf 80' lang='lat' dir='ltr'>sub</span> <span class='ocrx_word' id='word_1_221' title='bbox 1148 2218 1297 2266; x_wconf 49' lang='lat' dir='ltr'>*retemj</span> 
     </span>
     <span class='ocr_line' id='line_1_31' title="bbox 451 2284 658 2333; baseline -0.01 -8"><span class='ocrx_word' id='word_1_222' title='bbox 451 2284 527 2326; x_wconf 91' lang='grc' dir='ltr'>ΠΙ</span> <span class='ocrx_word' id='word_1_223' title='bbox 563 2288 658 2333; x_wconf 74' lang='grc'>17,4</span> 
     </span>
     <span class='ocr_line' id='line_1_32' title="bbox 166 2354 1690 2408; baseline 0 -11"><span class='ocrx_word' id='word_1_224' title='bbox 166 2359 211 2397; x_wconf 51' lang='lat' dir='ltr'>‘uz&#39;</span> <span class='ocrx_word' id='word_1_225' title='bbox 224 2355 274 2397; x_wconf 83' lang='lat' dir='ltr'>P.</span> <span class='ocrx_word' id='word_1_226' title='bbox 287 2355 630 2399; x_wconf 72' lang='lat' dir='ltr'>eto...2002uatas</span> <span class='ocrx_word' id='word_1_227' title='bbox 641 2370 694 2398; x_wconf 79' lang='lat' dir='ltr'>m.</span> <span class='ocrx_word' id='word_1_228' title='bbox 713 2355 1044 2399; x_wconf 68' lang='lat' dir='ltr'>habenturculus</span> <span class='ocrx_word' id='word_1_229' title='bbox 1076 2355 1377 2398; x_wconf 69' lang='lat' dir='ltr'>ubidiscolores</span> <span class='ocrx_word' id='word_1_230' title='bbox 1389 2354 1478 2397; x_wconf 63' lang='lat' dir='ltr'>sint</span> <span class='ocrx_word' id='word_1_231' title='bbox 1560 2368 1690 2408; x_wconf 68' lang='lat' dir='ltr'>cerae,</span> 
     </span>
     <span class='ocr_line' id='line_1_33' title="bbox 165 2424 1718 2481; baseline -0.001 -12"><span class='ocrx_word' id='word_1_232' title='bbox 165 2427 226 2469; x_wconf 71' lang='lat' dir='ltr'>sie</span> <span class='ocrx_word' id='word_1_233' title='bbox 257 2426 302 2468; x_wconf 77' lang='lat' dir='ltr'>lu‘</span> <span class='ocrx_word' id='word_1_234' title='bbox 432 2426 634 2470; x_wconf 72' lang='lat' dir='ltr'>loculatus</span> <span class='ocrx_word' id='word_1_235' title='bbox 714 2426 865 2470; x_wconf 73' lang='lat' dir='ltr'>habent</span> <span class='ocrx_word' id='word_1_236' title='bbox 869 2426 1063 2481; x_wconf 74' lang='lat' dir='ltr'>piscinas</span> <span class='ocrx_word' id='word_1_237' title='bbox 1076 2425 1379 2479; x_wconf 59' lang='lat' dir='ltr'>uhtdtspcmles</span> <span class='ocrx_word' id='word_1_238' title='bbox 1391 2424 1549 2467; x_wconf 58' lang='lat' dir='ltr'>discth„</span> <span class='ocrx_word' id='word_1_239' title='bbox 1556 2425 1718 2479; x_wconf 58' lang='grc'>1313063,-</span> 
     </span>
    </p>
   </div>
   <div class='ocr_carea' id='block_1_5' title="bbox 167 2496 1270 2621">
    <p class='ocr_par' dir='ltr' id='par_1_7' title="bbox 167 2496 1270 2621">
     <span class='ocr_line' id='line_1_34' title="bbox 167 2496 1270 2541; baseline -0.002 -1"><span class='ocrx_word' id='word_1_240' title='bbox 167 2496 210 2540; x_wconf 92' lang='lat' dir='ltr'><strong>V</strong></span> <span class='ocrx_word' id='word_1_241' title='bbox 246 2499 325 2535; x_wconf 83' lang='grc'>109</span> <span class='ocrx_word' id='word_1_242' title='bbox 359 2501 406 2540; x_wconf 80' lang='lat' dir='ltr'>ut</span> <span class='ocrx_word' id='word_1_243' title='bbox 448 2497 627 2541; x_wconf 78' lang='lat' dir='ltr'>crudum</span> <span class='ocrx_word' id='word_1_244' title='bbox 717 2497 901 2540; x_wconf 70' lang='lat' dir='ltr'>nimium</span> <span class='ocrx_word' id='word_1_245' title='bbox 931 2496 1049 2539; x_wconf 74' lang='lat' dir='ltr'>habet</span> <span class='ocrx_word' id='word_1_246' title='bbox 1080 2496 1270 2538; x_wconf 60' lang='lat' dir='ltr'>lamam-is</span> 
     </span>
     <span class='ocr_line' id='line_1_35' title="bbox 357 2557 1193 2621; baseline -0.004 -10"><span class='ocrx_word' id='word_1_247' title='bbox 357 2557 417 2611; x_wconf 72' lang='lat' dir='ltr'>sic</span> <span class='ocrx_word' id='word_1_248' title='bbox 448 2572 657 2611; x_wconf 74' lang='lat' dir='ltr'>excoctum</span> <span class='ocrx_word' id='word_1_249' title='bbox 687 2581 842 2621; x_wconf 75' lang='lat' dir='ltr'>purum</span> <span class='ocrx_word' id='word_1_250' title='bbox 932 2567 1048 2609; x_wconf 69' lang='lat' dir='ltr'>habet</span> <span class='ocrx_word' id='word_1_251' title='bbox 1079 2567 1193 2618; x_wconf 62' lang='lat' dir='ltr'>S&#39;ucij</span> 
     </span>
    </p>
   </div>
   <div class='ocr_carea' id='block_1_6' title="bbox 167 2635 1719 2762">
    <p class='ocr_par' dir='ltr' id='par_1_8' title="bbox 167 2635 1719 2762">
     <span class='ocr_line' id='line_1_36' title="bbox 167 2635 1696 2693; baseline -0.002 -12"><span class='ocrx_word' id='word_1_252' title='bbox 167 2637 235 2681; x_wconf 87' lang='lat' dir='ltr'>VI</span> <span class='ocrx_word' id='word_1_253' title='bbox 254 2640 306 2677; x_wconf 77' lang='lat'>96</span> <span class='ocrx_word' id='word_1_254' title='bbox 325 2637 404 2681; x_wconf 77' lang='lat' dir='ltr'>Sed</span> <span class='ocrx_word' id='word_1_255' title='bbox 426 2639 628 2693; x_wconf 72' lang='lat' dir='ltr'>quoniam</span> <span class='ocrx_word' id='word_1_256' title='bbox 651 2639 696 2681; x_wconf 69' lang='lat' dir='ltr'>in</span> <span class='ocrx_word' id='word_1_257' title='bbox 721 2639 795 2680; x_wconf 72' lang='lat'>7200</span> <span class='ocrx_word' id='word_1_258' title='bbox 815 2638 863 2679; x_wconf 77' lang='lat' dir='ltr'>dc</span> <span class='ocrx_word' id='word_1_259' title='bbox 882 2637 1032 2691; x_wconf 64' lang='lat' dir='ltr'>mucis</span> <span class='ocrx_word' id='word_1_260' title='bbox 1097 2636 1219 2678; x_wconf 65' lang='lat' dir='ltr'>rebus</span> <span class='ocrx_word' id='word_1_261' title='bbox 1241 2635 1361 2678; x_wconf 60' lang='lat' dir='ltr'>‘verbu</span> <span class='ocrx_word' id='word_1_262' title='bbox 1382 2636 1463 2689; x_wconf 68' lang='lat' dir='ltr'>feci</span> <span class='ocrx_word' id='word_1_263' title='bbox 1551 2635 1696 2689; x_wconf 76' lang='lat' dir='ltr'>plura,</span> 
     </span>
     <span class='ocr_line' id='line_1_37' title="bbox 813 2705 1719 2762; baseline 0 -13"><span class='ocrx_word' id='word_1_264' title='bbox 813 2708 860 2750; x_wconf 79' lang='lat' dir='ltr'>de</span> <span class='ocrx_word' id='word_1_265' title='bbox 875 2706 1075 2762; x_wconf 66' lang='lat' dir='ltr'>pluribus</span> <span class='ocrx_word' id='word_1_266' title='bbox 1095 2706 1215 2748; x_wconf 76' lang='lat' dir='ltr'>rebus</span> <span class='ocrx_word' id='word_1_267' title='bbox 1239 2706 1360 2747; x_wconf 73' lang='lat' dir='ltr'>verbu</span> <span class='ocrx_word' id='word_1_268' title='bbox 1381 2705 1538 2759; x_wconf 75' lang='lat' dir='ltr'>faciam</span> <span class='ocrx_word' id='word_1_269' title='bbox 1554 2720 1719 2760; x_wconf 44' lang='lat' dir='ltr'>paucaf·</span> 
     </span>
    </p>
   </div>
   <div class='ocr_carea' id='block_1_7' title="bbox 165 2776 1477 2904">
    <p class='ocr_par' dir='ltr' id='par_1_9' title="bbox 165 2776 1477 2904">
     <span class='ocr_line' id='line_1_38' title="bbox 165 2776 1474 2833; baseline -0.002 -12"><span class='ocrx_word' id='word_1_270' title='bbox 165 2776 259 2821; x_wconf 79' lang='lat' dir='ltr'>VH</span> <span class='ocrx_word' id='word_1_271' title='bbox 292 2780 341 2817; x_wconf 86' lang='lat'>17</span> <span class='ocrx_word' id='word_1_272' title='bbox 377 2792 510 2833; x_wconf 76' lang='lat' dir='ltr'>neque</span> <span class='ocrx_word' id='word_1_273' title='bbox 541 2778 608 2821; x_wconf 64' lang='lat' dir='ltr'>hio</span> <span class='ocrx_word' id='word_1_274' title='bbox 718 2779 830 2821; x_wconf 74' lang='lat' dir='ltr'>locus</span> <span class='ocrx_word' id='word_1_275' title='bbox 966 2780 1025 2819; x_wconf 79' lang='lat' dir='ltr'>est</span> <span class='ocrx_word' id='word_1_276' title='bbox 1056 2781 1270 2819; x_wconf 76' lang='lat' dir='ltr'>terrarum</span> <span class='ocrx_word' id='word_1_277' title='bbox 1300 2776 1474 2829; x_wconf 66' lang='lat' dir='ltr'>medius,</span> 
     </span>
     <span class='ocr_line' id='line_1_39' title="bbox 378 2846 1477 2904; baseline -0.002 -13"><span class='ocrx_word' id='word_1_278' title='bbox 378 2863 511 2904; x_wconf 73' lang='lat' dir='ltr'>neque</span> <span class='ocrx_word' id='word_1_279' title='bbox 543 2852 684 2894; x_wconf 75' lang='lat' dir='ltr'>noster</span> <span class='ocrx_word' id='word_1_280' title='bbox 719 2847 937 2891; x_wconf 71' lang='lat' dir='ltr'>umbilicus</span> <span class='ocrx_word' id='word_1_281' title='bbox 970 2851 1027 2890; x_wconf 74' lang='lat' dir='ltr'>est</span> <span class='ocrx_word' id='word_1_282' title='bbox 1058 2847 1242 2891; x_wconf 73' lang='lat' dir='ltr'>hominis</span> <span class='ocrx_word' id='word_1_283' title='bbox 1302 2846 1477 2890; x_wconf 74' lang='lat' dir='ltr'>medius.</span> 
     </span>
    </p>
   </div>
  </div>
 </body>
</html>
