1787 3043
552 145 912 173 PRAEPOSITIONES
947 146 1034 173 CUM
1067 147 1161 174 ABL.
1566 138 1618 176 59

90 262 285 296 necessest
308 259 487 296 funditus
518 260 603 309 ipsa
624 260 726 309 ignis
749 273 912 310 corpora
939 282 979 286 -
1009 274 1257 310 consurgere.
1299 273 1340 298 v.
1365 261 1467 299 908:
1501 277 1618 312 quem

88 328 280 376 Magneta
300 328 442 363 vocant
455 323 596 375 patrio
619 324 666 363 de
689 324 844 363 nomine
866 328 972 365 Grai.
1012 339 1054 365 v.
1083 327 1209 365 1101:
1236 326 1283 365 (le
1305 330 1413 366 terra
1435 333 1617 380 surgunt.

201 391 244 443 b)
278 390 639 444 significationem
669 391 803 431 habet
830 391 1094 445 partitivam.
1140 393 1201 443 ΙΙ,
1227 395 1327 434 104:
1359 400 1399 434 et
1420 400 1550 435 cetera
1572 395 1619 435 de

81 472 226 509 [seuere
247 463 388 499 horum
410 462 590 511 paucula.
634 474 674 499 V.
701 460 802 499 183:
836 476 940 500 nune
970 463 1011 500 id
1033 464 1139 513 quod
1162 478 1279 514 super
1300 468 1360 501 est
1383 462 1429 501 (le
1449 461 1619 501 motibus

87 529 351 579 expediemuS.
381 541 422 565 v.
440 528 541 566 430:
567 529 695 566 fecula
717 530 794 566 iam
817 541 891 580 quo
914 527 962 565 de
981 541 1128 577 ‘qenere
1150 532 1424 582 estinulaeque
1446 546 1616 583 sapores,

85 593 173 643 ΙΙΙ,
197 596 302 634 481:
328 599 457 634 cetera
480 594 527 633 de
545 607 691 645 [seuere
711 594 796 633 hoe.
828 609 868 633 v.
896 596 999 634 852:
1024 599 1081 635 nil
1110 620 1149 624 -
1179 596 1227 635 (Ze
1248 596 1374 636 nobis.
1406 596 1488 646 IV,
1514 599 1615 637 145:

84 678 239 714 semper
261 665 366 702 enim
388 678 586 702 summum
602 665 793 714 quicquid
815 662 863 700 {le
884 662 999 702 rebus
1021 666 1210 704 abundat.
1234 678 1274 703 v.
1292 666 1393 704 462:
1419 668 1548 704 cetera
1571 665 1618 703 de

78 729 306 780 yenereltoe
320 733 471 769 miracli
486 733 614 769 multa
634 733 827 769 videmus.
851 744 891 768 v.
910 731 1010 769 590:
1036 734 1164 770 cetera
1188 731 1236 771 de
1251 745 1396 783 ,qenere
1417 732 1487 771 lcoe
1508 749 1618 772 mon-

83 803 164 836 stra
184 813 227 836 ac
250 802 436 850 portenta
459 800 676 850 loquontur
696 796 949 849 (Brixiensis
971 797 1104 837 editio
1120 798 1340 838 Praeaerea
1355 813 1501 850 genere
1514 799 1616 851 hoe).

82 863 248 903 Eodem
278 863 406 903 modo
436 864 491 914 V,
524 866 603 904 845
626 863 780 907 &Cetera
813 865 860 903 de
882 879 1028 914 ssenere
1053 866 1124 904 laec
1153 872 1330 906 monstra
1357 883 1400 907 ac
1431 873 1618 920 portenta

82 935 252 972 creabat.
276 931 357 981 IV,
377 933 474 972 744:
501 939 631 973 cetera
645 936 692 972 de
707 949 850 984 genere
865 936 952 973 hoc.
977 933 1072 972 832.
1101 934 1225 974 1170.
1251 933 1331 983 VI,
1350 937 1445 974 244.
1471 934 1528 985 V,
1545 936 1612 975 37:

81 1003 212 1039 &ebera
240 999 288 1038 de
304 1014 450 1051 (seuere
470 1000 541 1039 boc
568 1016 666 1053 quae
696 1006 790 1040 sunt
812 1006 999 1053 portenta
1021 1002 1238 1054 perempta.
1274 1016 1313 1041 v.
1340 1003 1436 1042 164.
1468 1017 1509 1042 v.
1535 1004 1615 1043 893

82 1071 126 1107 et
150 1069 278 1107 1449:
305 1071 434 1106 celera
457 1068 504 1106 de
520 1082 665 1119 {seuere
686 1072 839 1108 horum.
877 1067 955 1118 VI,
981 1070 1083 1109 676:
1109 1072 1242 1109 omnia
1264 1069 1311 1108 de
1326 1084 1472 1121 ywere
1494 1071 1614 1110 omni.

194 1135 231 1187 c)
256 1133 416 1174 dicitur
438 1134 489 1175 de
505 1134 685 1188 origine.
711 1135 748 1185 Ι,
768 1137 869 1176 157:
895 1139 952 1176 nil
975 1153 1086 1189 posse
1110 1140 1232 1176 creari
1255 1137 1303 1176 de
1324 1137 1424 1178 nilo.
1449 1153 1491 1178 v.
1510 1141 1613 1179 159:

78 1207 184 1243 Nam
211 1206 242 1243 si
266 1203 313 1241 de
335 1202 418 1241 uilo
440 1206 592 1244 fierent.
628 1218 669 1243 v.
695 1204 795 1244 180:
821 1207 927 1256 quod
949 1207 979 1243 si
1004 1204 1051 1242 de
1073 1203 1156 1243 nilo
1178 1208 1330 1246 fierent.
1364 1221 1406 1246 v.
1433 1208 1534 1247 205:
1559 1211 1616 1247 nil

78 1274 204 1323 igitur
224 1274 307 1310 fieri
330 1271 378 1309 cle
399 1270 483 1310 m'lo
506 1287 618 1324 posse
642 1275 901 1312 fatendumst.
926 1286 965 1311 v.
985 1273 1085 1311 266:
1111 1277 1232 1313 creari
1255 1273 1302 1312 de
1324 1273 1422 1314 m‘lo.
1448 1289 1488 1313 v.
1509 1277 1611 1315 542:

78 1339 126 1378 cle
148 1338 312 1391 m'loque
334 1342 476 1378 «renata
500 1343 642 1379 forent.
686 1353 727 1378 v.
753 1341 854 1379 544:
880 1343 937 1379 nil
955 1344 1071 1393 'posse
1094 1340 1224 1379 creari
1247 1341 1296 1380 (Ze
1319 1342 1416 1381 nilo.
1450 1357 1489 1381 v.
1508 1343 1610 1383 674:

77 1407 125 1445 (Ze
154 1406 319 1460 m'loque
348 1413 486 1447 renata
507 1411 684 1459 vigescat
706 1410 819 1460 copia
840 1424 983 1448 rerum.
1026 1422 1066 1447 v.
1094 1408 1195 1448 757:
1223 1409 1270 1447 de
1291 1408 1454 1462 niloque
1476 1416 1614 1451 renata

76 1478 275 1527 vigescere
299 1478 410 1528 copia
424 1491 567 1515 rerum.
592 1490 632 1514 v.
650 1476 752 1514 836:
778 1475 826 1514 de
838 1475 1045 1527 pauxillis
1066 1483 1186 1529 atque
1210 1476 1375 1516 minutis
1396 1477 1612 1518 visceribus

76 1546 205 1592 viscus
230 1546 343 1595 gigni
372 1568 412 1572 —
446 1549 574 1596 putat.
616 1558 658 1582 v.
684 1544 784 1582 840:
811 1543 858 1582 de
880 1543 998 1582 terris
1019 1551 1166 1584 terram
1189 1560 1437 1586 concrescere
1450 1546 1609 1597 parvis.

76 1625 116 1649 v.
136 1612 239 1650 858:
265 1614 386 1650 creari
410 1611 456 1649 de
480 1610 577 1650 nilo.
608 1610 671 1660 ΙΙ,
690 1612 790 1650 287:
816 1611 863 1649 (le
884 1611 968 1651 nilo
992 1615 1179 1665 quoniam
1202 1616 1285 1652 fieri
1307 1617 1363 1653 nil
1379 1630 1491 1666 posse
1505 1618 1612 1655 vide-

74 1695 172 1718 mus.
216 1693 256 1717 v.
283 1679 386 1718 389:
413 1682 488 1718 nisi
512 1682 673 1718 luminis
696 1682 765 1718 illa
786 1683 940 1719 minora
962 1696 1125 1733 corpora
1146 1687 1240 1721 sunt
1262 1698 1380 1734 quam
1403 1682 1451 1721 de
1472 1682 1613 1736 quibu-s

74 1752 135 1786 est
154 1749 286 1799 liquor
306 1750 432 1787 almus
455 1763 658 1799 aquarum.
686 1762 726 1787 v.
748 1748 845 1787 733:
872 1747 985 1798 111910
1009 1748 1056 1786 de
1077 1748 1224 1787 semine
1247 1754 1351 1790 nata.
1375 1764 1415 1789 v.
1436 1750 1537 1790 791:
1563 1754 1611 1791 de

73 1817 196 1866 nigris
209 1815 454 1866 (creantur).
479 1829 520 1854 v.
537 1816 629 1855 793:
649 1818 876 1855 exorientur
886 1818 1054 1856 candida
1064 1816 1249 1856 (lemello.
1278 1831 1318 1856 v.
1334 1818 1415 1858 824
1427 1823 1466 1858 et
1476 1821 1611 1871 nigros

72 1886 155 1922 fieri
169 1881 283 1933 myro
299 1882 506 1921 desemine
520 1899 675 1936 cycnos.
706 1898 746 1922 v.
765 1884 845 1923 872
860 1899 866 1921 :
885 1887 1018 1923 videre
1034 1887 1129 1924 licet
1143 1888 1252 1925 vivos
1273 1889 1439 1926 existere
1461 1903 1612 1927 vermes

71 1953 242 1989 stercore
257 1949 304 1989 de
319 1953 461 1989 taetro.
494 1965 535 1990 v.
554 1951 654 1991 975:
673 1955 782 2004 quid,
797 1968 923 2003 genus
939 1955 1158 1993 humanum
1173 1957 1384 2006 propritim
1407 1954 1455 1993 de
1476 1953 1610 2007 quibu'

57 2016 295 2071 factumst?
339 2032 379 2057 v.
406 2019 509 2057 999:
541 2019 588 2058 de
611 2022 719 2058 terra
742 2023 849 2072 quod
871 2023 949 2059 fuit
971 2026 1075 2060 ante.
1118 2020 1205 2070 ΙΙΙ,
1243 2021 1346 2061 278:
1383 2022 1611 2073 corporibus
1639 2046 1642 2050 ·

71 2088 164 2138 quia
179 2085 376 2137 delicto-ris
390 2086 618 2140 paucisque
634 2091 823 2127 meumst.
849 2103 888 2127 v.
910 2088 1010 2127 750:
1037 2104 1150 2128 canes
1165 2088 1355 2142 Hyrcano
1379 2089 1426 2129 (Ze
1447 2090 1606 2130 semine.

69 2152 152 2202 IV,
179 2154 308 2193 1225:
346 2157 671 2207 quandoquidem
707 2159 789 2195 nilo
822 2159 948 2208 magis
984 2160 1079 2196 haec
1114 2156 1161 2195 de
1194 2156 1341 2196 semine
1371 2161 1474 2197 certo
1507 2162 1609 2199 fiunt

70 2237 188 2273 quam
218 2217 336 2261 facies
367 2228 406 2262 et
437 2238 600 2275 corpora
621 2226 878 2276 membraque
901 2227 1027 2264 nobis.
1072 2223 1141 2263 Sic
1164 2224 1386 2264 Antonius
1409 2225 1537 2265 Marii
1560 2230 1605 2266 et

69 2288 300 2338 Marullus,
333 2289 415 2328 hoc
439 2294 506 2329 est
530 2295 605 2330 aut
626 2290 741 2330 virili
765 2295 839 2330 aut
862 2290 1079 2331 muliebri.
1123 2307 1163 2331 v.
1190 2294 1320 2333 1227:
1355 2300 1395 2334 et
1415 2298 1609 2336 muliebre

69 2360 196 2396 oritur
209 2356 349 2407 patrio
365 2357 412 2396 de
426 2358 574 2397 semine
587 2362 771 2399 saeclum.
796 2374 837 2399 v.
856 2361 963 2399 1229
978 2374 985 2397 :
1011 2376 1165 2413 semper
1180 2365 1284 2401 enim
1299 2368 1436 2414 partus
1452 2362 1607 2414 duplici

69 2423 117 2462 de
130 2423 277 2463 semine
291 2431 459 2466 constat.
496 2425 547 2475 V,
567 2427 669 2466 279:
695 2431 792 2466 haut
808 2431 933 2479 igitur
949 2432 1074 2467 cessat
1089 2431 1201 2480 gigni
1223 2428 1270 2468 (Ze
1291 2429 1419 2469 166118.
1452 2445 1491 2469 v.
1509 2432 1605 2470 440:

68 2495 136 2532 sed
159 2508 260 2532 nova
281 2498 499 2546 tempestas
522 2498 716 2547 quaedam
739 2499 942 2548 molesque
976 2501 1115 2536 coorta
1138 2512 1254 2536 omne
1281 2513 1405 2549 genus
1428 2497 1476 2536 (1⁷8
1492 2497 1608 2549 prin-

68 2559 201 2610 cipiis.
245 2559 315 2599 Sic
337 2560 517 2600 Lachm.
542 2576 618 2615 pro
642 2562 871 2613 omniqenvs
893 2576 912 2601 e
929 2562 1062 2614 princ.
1108 2563 1187 2613 VI,
1215 2566 1317 2604 290:
1350 2580 1423 2618 quo
1447 2566 1494 2605 de
1515 2580 1606 2605 eon-

66 2641 183 2666 cusszo
204 2632 385 2681 sequitul
406 2633 535 2681 gravis
557 2633 684 2670 imber
705 2638 745 2670 et
767 2633 876 2670 uber.

181 2695 224 2748 d)
257 2695 309 2735 de
331 2700 542 2750 tempore.
586 2697 648 2748 ΙΙ,
675 2700 777 2738 265:
804 2702 851 2738 de
874 2701 1020 2749 subito,
1043 2698 1149 2739 item
1171 2699 1259 2750 ΙΙΙ,
1287 2701 1382 2741 643.
1420 2699 1474 2750 V,
1501 2702 1601 2741 651:

66 2762 114 2801 de
136 2763 251 2814 lonyo
274 2778 344 2803 cm·
345 2779 390 2803 §a
414 2768 472 2804 sol
495 2768 639 2806 ultima
661 2769 757 2807 caeli
780 2769 954 2818 impulit.
