1833 3048
904 80 1011 137 ἑ30

308 210 434 248 bulum
465 222 510 248 ex
530 212 574 248 iis
592 212 773 249 Varronis
791 211 926 253 verbis,
957 223 1054 260 quae
1072 223 1146 251 non
1176 214 1333 261 addidit,
1366 216 1566 262 sumpsisse
1583 227 1731 254 censeo.

303 278 510 315 Praeterea
539 278 679 325 legitur
706 289 767 324 ap.
796 277 882 316 Sen.
915 289 974 325 ep.
1009 281 1042 324 1,
1064 276 1192 326 4§2;
1228 280 1310 317 Val.
1343 283 1448 320 Max.
1491 282 1526 327 5,
1561 284 1596 328 4,
1630 284 1665 318 2.

220 343 469 381 strenuitas:
501 343 544 381 L.
578 344 619 381 L.
651 343 754 389 VIII,
796 345 843 381 15
876 348 914 383 et
945 344 1052 382 ovid.
1082 346 1175 383 Met.
1208 348 1243 392 9,
1275 348 1366 385 320.

221 408 373 446 unitas:
411 409 449 445 L.
482 410 525 447 L.
559 409 659 453 VIII,
692 412 726 455 3,
759 421 870 456 quam
919 420 1049 448 vocem
1095 412 1299 458 scriptores
1342 420 1544 460 argenteae
1590 417 1730 452 aetatis

305 476 401 513 Plin.
436 475 535 513 Cels.
567 476 649 513 Col.
680 480 922 522 receperunt.

307 543 337 578 Α
365 542 599 579 substantivo
645 542 857 579 derivatum
902 547 1025 580 extat:

220 604 406 645 olivitas:
454 619 548 655 quae
579 620 648 646 vox
677 610 829 656 proprie
859 609 1046 656 significat
1079 611 1292 647 universam
1338 612 1484 657 copiam
1515 614 1571 650 vel
1621 624 1737 660 genus

304 675 501 720 olivarum,
533 687 580 712 ex
611 686 684 721 quo
713 674 822 712 facile
861 675 1053 713 oriebatur
1083 676 1185 713 notio
1215 677 1346 713 messis
1385 677 1591 724 olivarum,
1638 689 1736 726 quae

303 741 470 788 plurimis
506 742 543 778 in
574 742 677 787 locis,
714 741 778 778 ubi
826 741 964 789 legitur
994 742 1029 778 h.
1060 752 1114 786 w,
1152 746 1323 789 apparet.
1371 744 1480 790 Apud
1525 745 1735 783 Varronem

310 808 353 845 R.
385 808 429 845 R.
459 808 488 851 I,
526 809 577 845 60
624 802 693 845 ‘De
741 803 942 853 olc'vz'taoe3
990 807 1090 845 oleas
1139 809 1219 845 esui
1267 810 1405 856 optime
1447 811 1560 848 condi
1603 811 1735 849 scribit

311 873 405 911 Cato
434 868 517 912 etc.'
549 878 607 911 est
636 875 831 920 inscriptio
860 874 1006 921 capitiS,
1040 884 1124 920 qu0‚
1156 875 1342 921 quomodo
1373 876 1494 913 olivae
1522 880 1608 923 post
1635 888 1732 915 mes·

309 951 389 978 sem
421 946 614 983 curentur,
646 941 868 987 explicatur.
899 944 968 978 sat.
999 939 1044 977 fr.
1077 941 1156 976 219
1189 941 1248 984 (R.
1271 942 1358 983 144,
1391 942 1430 987 4)
1458 936 1549 980 ‘tum
1575 943 1735 991 denique

310 1007 429 1044 omnis
492 1007 575 1044 cam
638 1007 793 1045 lucerna
843 1006 1039 1045 combusta
1073 1001 1090 1056 Η
1124 1008 1160 1043 111
1215 1006 1446 1045 lucubrando
1514 1009 1736 1057 olivitasque

308 1072 531 1120 consumpta
579 1068 657 1118 est'‚
710 1073 899 1120 significat
945 1084 1092 1111 omnem
1135 1073 1318 1109 olivarum
1348 1074 1407 1111 vel
1455 1074 1529 1112 olei
1572 1077 1733 1122 copiam.

313 1139 423 1186 Apud
454 1138 702 1177 Columellam
746 1141 895 1187 quidem
944 1142 1003 1182 12,
1035 1140 1098 1184 52,
1144 1139 1214 1185 153
1252 1140 1310 1184 12,
1345 1140 1406 1184 52,
1440 1141 1480 1185 8;
1517 1142 1576 1187 12,
1608 1143 1671 1187 52,
1711 1145 1727 1179 1

310 1206 346 1242 id
376 1207 497 1253 ipsum
528 1210 584 1244 est
611 1206 710 1254 quod
741 1207 922 1245 olivarum
953 1206 1102 1251 messis;
1133 1204 1267 1252 quibus
1283 1205 1373 1242 locis
1389 1206 1485 1243 adde
1512 1207 1735 1246 Mamertin.

307 1271 476 1310 Gratiar.
514 1277 587 1310 act.
616 1274 748 1311 Iulian.
785 1285 866 1321 cap.
900 1275 972 1319 223
1005 1273 1146 1309 Minue.
1178 1271 1286 1309 Felix
1317 1273 1375 1317 17,
1396 1274 1441 1315 73
1475 1271 1597 1311 Gloss.
1619 1273 1735 1312 Labb.

312 1338 460 1375 olivitas
492 1335 772 1391 ἐλαιοφορία.
804 1359 857 1365 -
886 1339 1066 1376 Eiusdem
1088 1337 1259 1375 vocabuli
1276 1337 1352 1375 alia
1381 1337 1501 1375 forma
1516 1343 1576 1377 est
1593 1335 1735 1377 oleitas

310 1403 357 1440 ab
387 1404 468 1441 olea
516 1405 684 1452 legitime
715 1406 840 1451 ducta,
884 1417 958 1452 qua
1007 1406 1124 1442 utitur
1175 1403 1270 1441 Cato
1301 1404 1346 1442 R.
1378 1403 1422 1441 R.
1455 1406 1506 1442 68
1536 1410 1574 1442 et
1622 1407 1734 1452 144,5

310 1481 445 1516 quam,
493 1473 563 1508 etsi
616 1473 741 1518 priore
779 1472 862 1510 loco
918 1472 1035 1510 codex
1091 1469 1271 1508 Gronovii
1332 1474 1370 1508 et
1416 1471 1599 1509 editiones
1641 1474 1736 1511 anti·

308 1547 405 1583 quae
434 1537 463 1574 1.
494 1538 536 1574 B.
572 1537 616 1574 R.
647 1533 782 1581 oletas,
813 1540 934 1576 altero
965 1539 1046 1575 loco
1076 1538 1157 1584 ipse
1186 1536 1267 1574 cod.
1295 1536 1326 1573 P
1355 1532 1524 1575 oleatate
1544 1538 1734 1588 exhibent,

309 1608 539 1641 commutare
575 1615 649 1642 non
680 1605 800 1642 audeo
858 1605 958 1643 haud
999 1607 1153 1651 ignarus
1200 1603 1386 1640 vocalium
1435 1604 1736 1643 coniunctionem

311 1667 345 1705 ei
375 1669 498 1706 media
538 1671 577 1707 in
608 1682 698 1708 voce
719 1672 757 1708 in
792 1671 1005 1709 huiusmodi
1035 1669 1322 1707 formationibus
1352 1680 1537 1716 nusquam
1562 1672 1735 1709 inveniri.

310 1735 418 1773 Addo
461 1737 576 1774 Festo
640 1749 674 1784 p.
718 1739 795 1776 202
847 1743 1003 1775 auctore
1042 1741 1211 1782 tempus,
1271 1747 1343 1784 quo
1399 1738 1504 1775 oleae
1553 1748 1734 1785 cogeren-

308 1806 380 1847 tur,
411 1802 643 1840 sollemniter
671 1798 819 1840 ‘olivita’
843 1804 968 1848 (Paul.
998 1816 1043 1841 ex
1064 1804 1164 1841 Fest.
1197 1815 1232 1850 p.
1268 1805 1341 1840 192
1374 1793 1556 1852 ”011νθῐει’)
1587 1804 1731 1841 dictum

308 1878 389 1905 esse
418 1867 464 1905 ab
494 1870 669 1915 antiquis
700 1863 878 1916 ‘quamvis
916 1869 1067 1916 quidam
1096 1870 1302 1907 olivitatem
1332 1882 1452 1909 meam
1483 1865 1633 1909 dicant’.

339 1933 484 1979 Restat,
513 1938 554 1971 ut
584 1935 640 1972 his
670 1936 820 1973 vocibus
850 1935 986 1973 addam
1016 1934 1198 1973 formam:

225 1996 446 2036 iuvenilas:
479 1999 607 2037 sat.fr.
622 2002 698 2038 545
728 2001 791 2049 (R.
810 2003 900 2047 229,
921 2000 973 2049 6),
991 2002 1089 2049 quod
1108 2001 1326 2039 vocabulum
1341 2004 1509 2040 restituit
1524 2003 1735 2040 Buecheler

308 2076 353 2102 ex
396 2066 535 2103 codicis
581 2068 772 2105 Leidensis
801 2081 849 2105 m.
894 2080 929 2115 p.
975 2079 1044 2116 pro
1076 2062 1324 2114 ‘iuvenilitas’,
1364 2069 1463 2116 quod
1510 2069 1627 2106 ceteri
1657 2081 1734 2106 om-

310 2142 375 2168 nes
418 2132 530 2169 Nonii
578 2134 726 2170 codices
771 2133 959 2171 exhibent.
1005 2135 1075 2171 Illa
1118 2133 1267 2181 quidem
1320 2134 1442 2172 forma
1477 2145 1546 2184 pro
1594 2136 1734 2172 usitata

315 2194 501 2233 iuventas
539 2210 718 2245 nusquam
741 2200 829 2237 alibi
846 2201 1008 2237 inveniri
1024 2201 1183 2238 videtur.

339 2263 476 2300 Cetera
521 2265 707 2310 permulta
749 2266 913 2303 eiusdem
953 2266 1096 2303 formae
1139 2266 1386 2310 substantiva,
1434 2266 1569 2314 quibus
1616 2267 1734 2304 Varro

229 2329 356 2374 utitur,
403 2340 484 2366 cum
524 2331 623 2376 apud
654 2332 830 2378 aequales
869 2333 1072 2378 scriptores
1101 2332 1203 2369 haud
1242 2344 1328 2371 raro
1358 2334 1610 2379 inveniantur,
1644 2333 1735 2371 nihil

229 2394 367 2431 habent
398 2407 463 2432 cur
493 2396 551 2433 hic
581 2396 807 2434 referantur.

1028 2462 1049 2511 ἓ
1081 2466 1115 2501 8.

341 2527 406 2563 His
444 2525 573 2564 formis
618 2530 807 2566 notionem
854 2530 1081 2567 simillimam
1121 2530 1280 2567 induunt
1316 2542 1394 2575 eae,
1445 2543 1540 2578 quae
1590 2536 1730 2570 exeunt

230 2592 268 2627 in
299 2590 474 2629 suffixum
517 2588 709 2645 -tud0(n)‚
753 2596 805 2631 ita
849 2599 888 2632 ut
917 2607 1029 2641 saepe
1067 2596 1114 2633 ab
1154 2596 1286 2633 eadem
1334 2598 1451 2643 stirpe
1503 2598 1735 2636 substantiva

231 2654 409 2695 feminina
438 2663 475 2695 et
498 2660 537 2695 in
567 2664 649 2696 -tas
680 2663 718 2697 et
747 2661 785 2697 in
816 2656 928 2697 -tecdo
959 2662 1168 2699 desinentia
1197 2662 1426 2709 deriventur,
1469 2664 1568 2701 velut
1601 2675 1734 2701 neces-

231 2718 334 2758 sitas
352 2743 399 2749 —
425 2721 694 2769 necessz'tucl0;
745 2722 914 2762 claritas
933 2748 979 2753 —
996 2723 1219 2773 claritad0;
1253 2726 1422 2765 castitas
1445 2750 1490 2756 —-
1517 2725 1734 2773 castitud0;
