1833 3048
791 78 1079 114 —49-

280 190 508 242 Plerisque
530 193 676 232 autem
708 190 815 233 locis
838 203 932 232 cum
955 203 1039 233 11611
1063 190 1255 233 sufficiat
1277 192 1411 234 verba
1435 191 1719 245 distinguere,

164 260 532 314 interpretatione
576 273 680 313 opus
726 263 805 303 est.
879 260 1127 304 Cuiusmodi
1170 262 1411 314 exemplum
1455 262 1721 304 luculentum

162 332 326 386 legitur
356 332 381 374 Ι
415 335 510 384 2,12
554 333 655 375 dum
702 334 743 375 id
784 334 999 375 nobiscum
1040 348 1129 376 mm
1170 334 1347 376 <rideatis
1385 349 1433 376 (w
1463 335 1578 377 ‘venit
1609 335 1720 377 aecli-

166 409 309 446 tzcmzcs
341 415 464 454 quem
498 401 553 443 ad
581 402 719 443 locum
742 402 860 444 Keil.
885 402 929 444 in
953 402 1015 444 ed.
1041 403 1139 444 mai.
1164 403 1459 446 adnotaverat
1484 403 1720 456 „fortasse:

165 489 213 517 ccc
243 475 426 517 veniat&
492 471 579 515 Sed
610 471 696 525 ita,
736 476 785 514 ut
818 472 960 514 omnia
993 473 1119 516 salva
1152 485 1249 515 esse
1287 473 1540 523 videantur,
1583 475 1722 517 locum

162 543 482 595 interpretatus
531 546 601 585 est
642 542 918 585 Richardson
960 541 1029 585 ‘de
1080 543 1300 596 particula
1350 542 1459 586 dum'
1507 557 1606 599 pag.
1654 548 1720 587 63.

165 613 358 657 Similem
391 612 612 655 Ciceronis
644 612 784 655 locum
816 612 971 654 laudat
1003 614 1179 667 Drager
1210 614 1260 655 Π
1292 627 1331 667 p.
1368 618 1450 654 582
1487 618 1599 657 extr.

280 684 451 726 Deinde
501 683 635 726 etiam
682 683 727 725 in
773 683 1017 726 enuntiatis
1065 683 1268 727 relativis
1317 683 1423 727 locis
1467 685 1723 736 quibusdam

166 754 467 797 coniunctivus
502 753 640 810 (cuius
673 767 783 806 quae
815 754 876 796 ibi
909 754 968 796 sit
1000 754 1087 807 vis,
1130 767 1214 797 non
1248 767 1352 807 opus
1394 758 1461 797 est
1494 756 1722 809 explicem)

166 838 259 868 cum
298 825 539 868 indicativo
581 824 836 868 coniunctus
875 825 1107 868 invenitur.
1175 825 1285 868 Dico
1328 825 1406 868 hos
1448 825 1723 878 potissimum

161 896 301 938 locos:
344 896 369 937 Ι
404 900 471 943 ῠ,3
506 910 611 950 quae
643 899 693 940 m
725 912 768 940 eo
800 899 937 952 fundo
971 912 1073 952 opus
1104 902 1207 940 sant
1238 913 1286 940 ac-
1318 898 1490 941 debeant
1521 913 1606 941 6336
1638 899 1722 941 cul-

164 972 285 1010 turae
317 982 462 1018 eansa3
497 967 521 1008 1
546 970 613 1020 §A
646 982 752 1021 qaae
783 973 1005 1011 moventur
1036 972 1159 1022 atque
1190 969 1240 1011 in
1271 969 1409 1022 fiendo
1441 970 1615 1012 debcant
1638 984 1722 1012 6336

165 1038 356 1081 σῑιῖΐῑιγαε
398 1053 543 1090 εαῑι3α;
587 1037 637 1079 Π
674 1041 798 1091 1Ο,10
833 1038 949 1091 Quae
980 1040 1035 1082 cul
1075 1040 1358 1082 valetudinem
1391 1041 1613 1093 pertinent
1654 1041 1723 1083 ho-

163 1110 331 1152 mmum
371 1124 420 1152 ae
452 1110 619 1164 pecoris
661 1114 698 1152 et
738 1111 832 1152 sme
873 1111 1029 1152 medico
1068 1111 1216 1152 euram·
1244 1110 1428 1164 possint,
1473 1112 1725 1166 mayistrmn

164 1180 323 1234 scripta
353 1180 501 1223 habere
533 1183 699 1234 oportet.
765 1177 930 1232 Quibus
969 1178 1076 1220 locis
1108 1191 1192 1221 non
1230 1179 1274 1220 id
1314 1181 1450 1221 solum
1489 1179 1564 1223 vix
1604 1180 1725 1222 casui

163 1248 458 1298 tribuendum,
508 1249 620 1302 quod
667 1249 711 1291 in
759 1249 900 1291 altero
950 1261 1117 1301 quoque
1166 1249 1354 1291 membro
1398 1249 1471 1301 qui
1517 1250 1725 1304 leguntur

165 1319 431 1363 coniunctivi
463 1323 566 1362 sunt
597 1320 827 1363 verborum
860 1319 1137 1361 auxiliarium
1170 1332 1281 1371 quae
1319 1323 1536 1363 vocantur
1575 1320 1722 1377 (posse,

164 1392 338 1443 debere),
386 1390 463 1433 sed
502 1403 556 1432 ne
600 1390 728 1442 aequi
770 1390 940 1442 quidem
984 1390 1146 1432 ordinis
1179 1393 1281 1432 sunt
1312 1390 1440 1433 binae
1474 1393 1725 1435 sententiae

162 1461 394 1514 particulis
429 1461 638 1504 additivis
672 1461 952 1503 coniunctae:
985 1460 1113 1503 immo
1145 1464 1195 1503 ut
1227 1461 1366 1504 medio
1399 1463 1593 1516 exemplo
1622 1475 1724 1507 usus

167 1532 397 1574 discrimen
442 1532 688 1585 ostendam,
734 1532 878 1575 verbis
924 1548 1029 1588 qnae
1065 1538 1286 1576 moventur
1317 1532 1574 1585 exprimitur
1604 1534 1724 1577 notio

165 1603 368 1646 vocabuli
403 1602 626 1645 cuiusdam
659 1603 771 1655 quod
803 1606 848 1645 et
877 1606 1067 1647 homines
1089 1607 1134 1645 et
1156 1605 1368 1658 reliquum
1394 1606 1725 1650 instrumentum

167 1673 480 1726 amplectatur:
526 1674 793 1716 sententiam
831 1673 969 1728 igitur
1008 1674 1045 1716 si
1078 1677 1272 1727 spectas,
1316 1674 1426 1716 duae
1457 1678 1608 1727 partes
1641 1688 1725 1718 non

167 1744 450 1786 coordinatae
502 1749 623 1798 sunt,
677 1745 753 1787 sed
802 1745 945 1787 altera
998 1744 1132 1798 priori
1181 1744 1480 1787 subordinata.
1561 1745 1725 1790 Similis

167 1815 361 1857 condicio
396 1818 465 1857 est
503 1819 745 1857 ceterorum
793 1816 982 1858 locorum
1004 1815 1058 1871 1),
1109 1815 1262 1868 quibus
1311 1815 1417 1858 item
1461 1817 1723 1871 ostenditur,

165 1890 328 1938 quanto
352 1887 496 1931 Varro
530 1886 777 1928 sententias
812 1886 1090 1928 coordinatas
1112 1885 1337 1939 praeferat
1360 1887 1722 1930 subordinationi.

166 1956 316 1998 Keilio
348 1956 497 2010 igitur,
533 1956 605 2009 qui
637 1969 710 1999 eos
741 1957 859 1999 locos
881 1956 1073 2000 mutavit
1100 1969 1229 2009 pares
1252 1957 1408 2009 ubique
1431 1958 1554 2000 verbi
1576 1959 1724 2001 modos

166 2026 379 2080 efficiens,
421 2039 505 2068 non
543 2030 649 2079 puto
690 2027 1036 2070 adsentiendum.
1101 2028 1233 2081 (Nam
1276 2031 1325 2069 ut
1367 2028 1448 2070 hoc
1489 2029 1586 2072 leve
1619 2042 1724 2072 sane

168 2100 470 2151 argumentum
503 2097 681 2148 addam,
717 2102 1108 2150 quantumcumque
1140 2102 1435 2151 peccaverunt
1466 2099 1646 2149 librarii,
1680 2099 1725 2142 in

169 2167 336 2209 duabus
359 2167 562 2221 deinceps
584 2168 875 2222 paragraphis
897 2169 922 2210 Ι
941 2172 1007 2221 5,3
1027 2173 1073 2210 et
1092 2173 1115 2208 4
1139 2181 1314 2221 prorsus
1338 2168 1518 2211 eundem
1536 2181 1724 2212 errorem

169 2237 443 2280 commissum
476 2251 573 2280 esse
606 2242 726 2281 certe
760 2239 987 2281 admodum
1019 2238 1172 2280 mirum
1205 2240 1307 2293 est.)

288 2308 482 2350 Transeo
516 2309 572 2350 ad
604 2310 739 2352 verba
770 2310 847 2351 ΠΙ
883 2313 976 2357 16,6
1010 2311 1133 2353 mella
1168 2311 1323 2353 kartam
1361 2311 1517 2353 adsidit
1553 2312 1604 2354 in
1641 2311 1725 2354 loco

169 2381 398 2434 inquinato
441 2385 516 2423 αῑιί
558 2396 601 2423 66
643 2382 717 2435 qni
757 2382 864 2424 male
906 2382 1010 2424 oleat
1050 2395 1184 2435 neque
1226 2382 1276 2423 in
1318 2396 1361 2423 66
1393 2382 1467 2435 qui
1507 2382 1614 2425 bona
1648 2383 1726 2425 olet

170 2456 391 2506 unyzcenz‘a
423 2462 504 2502 quo
536 2450 630 2492 loco
663 2450 727 2493 sic
758 2453 931 2492 tantum
964 2450 1183 2503 explicare
1216 2449 1412 2502 equidem
1451 2463 1624 2503 possum
1661 2451 1725 2493 111-

291 2591 316 2634 1)
343 2590 436 2624 Item
462 2589 516 2624 IX
543 2591 586 2625 10
612 2589 773 2625 Alterum
799 2589 893 2634 (scil.
920 2588 1063 2633 peccati
1089 2589 1218 2633 genus)
1245 2588 1342 2634 quod
1365 2589 1524 2624 nondum
1552 2593 1606 2625 est
1630 2590 1722 2635 (scil.

174 2651 375 2692 receptum)
402 2652 436 2682 et
455 2659 653 2694 perperam
681 2648 834 2683 dicatur.
886 2647 976 2682 Nam
1003 2647 1147 2692 peccati
1172 2657 1288 2692 genus
1316 2647 1405 2682 illud
1431 2648 1475 2683 de
1495 2659 1563 2692 quo
1582 2648 1725 2693 dicitur,

170 2706 207 2740 in
246 2707 543 2742 consuetudinem
577 2708 733 2743 nondum
766 2711 953 2751 receptum
988 2717 1067 2741 esse
1103 2712 1241 2741 certum
1274 2710 1331 2741 est
1365 2727 1407 2731 —
1434 2707 1558 2750 itaque
1590 2707 1725 2743 indica-

171 2764 268 2800 tivus
296 2776 360 2809 —3
395 2776 480 2801 num
507 2772 630 2803 autem
665 2766 809 2801 omnino
836 2765 989 2808 accidat,
1015 2770 1057 2799 ut
1082 2764 1119 2800 in
1145 2765 1322 2808 loquendo
1351 2766 1618 2809 committatur,
1654 2777 1726 2802 non

173 2833 286 2866 aeque
313 2827 472 2860 certum:
505 2829 606 2861 recte
639 2825 755 2870 igitur
789 2824 1038 2860 coniunctivus
1069 2823 1106 2858 in
1132 2823 1250 2859 altera
1281 2827 1396 2868 parte.
1447 2825 1570 2861 Aliter
1594 2824 1728 2861 Miiller

172 2882 194 2915 l.
221 2882 243 2916 1.
271 2892 354 2927 pag.
381 2883 450 2917 869
475 2883 522 2918 in.

1467 2955 1491 2987 4
