1787 3043
1519 80 1574 119 43

140 200 230 239 mit:
269 199 298 239 ῘῙ
336 201 417 240 355)
463 199 520 238 Af
565 201 700 239 mater
731 222 738 229 ·
765 223 770 229 ·
798 223 805 229 ·
837 199 982 239 (¹)‘t‘hl'sl
1032 200 1179 240 rvi-isit*
1219 201 1288 241 All
1319 202 1563 242 stabulum:
1599 203 1630 243 V

139 269 221 309 ⁴536
255 267 312 307 ml
343 266 456 307 Imm
488 266 591 317 (μήτι
624 265 753 318 sijsna
788 266 995 307 rut-isaim.

277 339 441 375 volvere
472 339 517 374 ut
547 334 600 375 ab
633 334 722 374 aliis
754 335 1041 385 scriptoribus,
1075 336 1132 376 ita
1164 349 1188 376 a
1220 336 1413 377 Lucretio
1445 338 1630 378 intrans-

140 403 237 443 itive
285 408 524 454 usurpatur:
572 402 607 442 V
638 403 713 443 931
754 402 988 452 leilfaqnae»
1017 416 1096 453 prr
1129 404 1295 443 caelum
1327 405 1428 444 ‚eolis
1463 405 1629 446 μοζρςριῃ-

75 517 79 520 ἡ
140 470 198 510 tia
233 471 369 509 lustra
403 493 443 500 ··
478 469 604 509 sitam
643 469 900 510 frmxz‘alnmf.

274 538 388 578 Haec
440 538 633 590 exempla
679 539 984 590 perlustrantes
1031 550 1082 578 ea
1128 552 1173 579 re
1222 540 1403 580 maxime
1455 540 1630 581 offendi-

139 618 241 645 mur.
291 606 403 657 quod
449 606 667 646 Lucretius
714 605 925 645 infinitivis
974 607 1208 657 praesentis
1247 608 1371 647 activi
1404 607 1629 648 verborum

137 686 246 726 quae
298 675 515 714 transitive
560 675 659 726 poni
705 674 842 714 solent
893 675 1201 715 intransitivam
1251 676 1331 715 vim
1379 677 1630 729 saepissime

135 742 370 793 adscripsit.
430 742 574 794 Neque
623 741 847 782 defuerunt
880 743 948 794 qui
980 742 1168 783 infinitivi
1202 744 1439 794 praesentis
1471 744 1629 785 formas

136 810 177 849 in
209 834 226 838 -
246 812 266 847 t·
299 815 340 850 et
363 835 380 840 -
400 802 418 847 ‘a‘
453 815 655 850 exeuntes
696 810 888 862 primitus
931 816 1134 851 accurate
1177 811 1398 851 distinctas
1430 825 1523 853 esse
1556 825 1629 852 ne-

135 883 285 929 garent
305 881 348 930 ¹).
410 878 457 918 Et
489 878 719 928 Lucretius,
754 891 849 918 cum
883 878 1042 919 formas
1074 879 1115 918 in
1139 903 1156 907 -
1182 871 1201 916 ἶ
1236 880 1477 919 desinemus
1509 879 1628 922 nullo

136 945 263 985 modo
292 947 523 996 evitaverit,
556 945 782 986 infinitivos
804 946 845 986 in
864 970 881 974 -
898 945 960 985 ivr
978 945 1178 986 dilatatos
1197 948 1380 987 maxime
1399 948 1626 994 adamavit.

136 1026 243 1065 quos
275 1019 448 1066 propter
480 1019 661 1055 metrum
695 1018 924 1066 usurpatos
957 1027 1050 1054 esse
1083 1015 1146 1055 vel
1180 1015 1276 1055 inde
1299 1021 1489 1067 apparet.
1515 1017 1629 1068 quod

136 1094 304 1134 semper
334 1087 433 1123 ante
464 1095 614 1122 vocem
648 1082 782 1122 vocali
814 1082 1083 1134 incipientem
1116 1090 1347 1123 occurrunt
1376 1090 1417 1124 et
1435 1084 1520 1124 sere
1537 1084 1628 1125 ubi-

136 1162 216 1201 que
248 1150 302 1190 ad
333 1151 524 1201 quintum
557 1150 707 1202 pedem
740 1150 993 1202 explendum
1027 1156 1243 1201 ponuntur
1260 1152 1305 1204 2).
1350 1152 1497 1204 Neque
1540 1165 1629 1193 me-

134 1218 185 1257 tri
233 1219 530 1259 necessitatem
579 1218 632 1258 ad
664 1218 822 1258 formas
854 1219 894 1258 in
927 1243 944 1247 -
969 1227 989 1258 (¹
1022 1224 1225 1260 exeuntes
1256 1220 1520 1261 intransitive
1552 1233 1628 1272 po-

136 1287 297 1326 nendas
330 1300 413 1327 non
446 1287 628 1327 valuisse
660 1299 710 1327 ex
743 1299 792 1327 eo
826 1287 961 1338 colligi
993 1292 1146 1338 potest.
1181 1288 1294 1339 quod
1318 1300 1628 1340 saepenumero

74 1381 78 1384 -
135 1360 234 1395 ante
266 1367 417 1395 vocem
450 1355 587 1395 littera
619 1355 875 1395 consonanti
906 1355 1176 1406 incipientem
1207 1356 1488 1396 inveniuntur.
1548 1357 1628 1397 Ne-

135 1435 216 1474 que
249 1423 360 1463 hunc
393 1437 513 1464 usum
549 1424 854 1464 sententiarum
892 1424 1181 1475 perspicuitati
1215 1424 1468 1465 detrimento
1500 1425 1628 1466 fuisse

135 1491 337 1531 videmus.
398 1492 483 1531 Iam
532 1491 883 1531 Reichenhartius
929 1492 1040 1543 apud
1081 1492 1333 1541 Lucretium,
1367 1492 1438 1533 ubi
1473 1494 1523 1534 de
1555 1505 1627 1534 ac-

134 1559 325 1599 cusativo
363 1572 458 1599 cum
491 1558 695 1599 infinitivo
728 1560 825 1610 agit.7
858 1573 894 1611 p.
927 1560 1011 1600 :314
1042 1566 1156 1600 recte
1189 1562 1488 1602 animadvertit
1520 1574 1627 1602 con-

134 1631 199 1666 tra
245 1627 500 1678 optimorum
549 1627 807 1679 scriptorum
838 1640 1036 1668 normam
1068 1628 1272 1669 infinitivo
1305 1635 1346 1670 et
1378 1629 1554 1670 subiecti
1587 1635 1625 1670 et

136 1693 290 1735 obiecti
336 1696 627 1736 accusativum
674 1696 815 1736 multis
861 1697 965 1736 locis
1006 1697 1189 1749 adiungi,
1223 1697 1293 1737 ubi
1325 1703 1501 1752 propter
1532 1711 1627 1739 ver-

135 1761 233 1802 bum
282 1764 591 1804 intransitivum
639 1765 704 1804 vel
735 1765 951 1816 passivum
985 1765 1098 1817 quod
1130 1766 1342 1806 antecedit
1374 1767 1487 1807 nulla
1518 1767 1627 1807 exsi—

134 1835 218 1870 stat
264 1831 528 1883 ambiguitas
572 1832 612 1872 id
659 1833 772 1885 quod
820 1834 992 1873 mutatis
1030 1835 1243 1874 mutandis
1275 1835 1315 1874 in
1351 1835 1468 1875 locos
1499 1847 1627 1887 supra

135 1898 286 1939 allatos
332 1900 457 1950 eadit,
496 1901 594 1952 quia
626 1900 755 1941 verba
788 1901 838 1941 de
871 1901 1023 1953 quibus
1055 1903 1191 1953 agitur
1222 1902 1308 1942 sere
1342 1902 1497 1955 ubique
1529 1916 1624 1944 cum

135 1966 272 2007 verbis
321 1967 594 2009 intransitivis
640 1974 681 2010 et
727 1970 905 2021 passivis
937 1970 1213 2010 collocantur.
1275 1972 1415 2021 Quare
1446 1971 1540 2012 loco
1573 1971 1626 2011 ab

134 2034 364 2077 editoribus
398 2038 581 2078 maxime
613 2044 766 2078 vexato
800 2039 869 2090 qui
901 2044 965 2079 est
986 2039 1017 2078 ΙΙ
1036 2042 1116 2079 216
1135 2051 1224 2091 sqq.
1244 2052 1329 2079 non
1348 2038 1507 2090 dubim,
1527 2040 1625 2091 quin

135 2103 328 2144 codicum
363 2106 571 2157 scriptura
603 2106 813 2157 dqmllere
846 2119 941 2147 cum
975 2107 1173 2159 Briegero
1206 2108 1417 2148 servanda
1449 2108 1517 2157 sitg
1542 2120 1625 2160 quo

134 2171 185 2211 de
231 2172 325 2212 loco
363 2178 513 2225 postea
552 2174 683 2214 fusius
715 2187 850 2226 agam.
911 2175 1015 2215 Tun]
1050 2176 1243 2227 quaestio
1278 2176 1421 2223 oritur,
1454 2180 1626 2216 rectene

135 2239 329 2280 codicum
372 2242 582 2293 scriptura
613 2255 646 2283 e.
678 2255 735 2294 gr.
766 2243 815 2282 ΠΙ
845 2245 921 2284 ὧῖῙ
962 2257 1125 2284 mot-ere
1158 2248 1199 2284 et
1230 2243 1281 2284 VI
1315 2245 1394 2284 292
1428 2257 1625 2283 ›wrm-are

135 2306 188 2347 ab
235 2308 465 2349 editoribus
511 2311 551 2350 in
598 2311 790 2362 passivas
830 2311 988 2352 formas
1020 2316 1185 2352 mutata
1216 2313 1284 2361 sit3
1318 2324 1416 2352 nam
1449 2324 1624 2364 praece-

134 2375 238 2415 dunt
284 2376 445 2417 formae
491 2379 700 2429 passivae,
748 2378 898 2431 quibus
948 2381 1159 2420 sententia
1204 2381 1306 2420 satis
1353 2380 1533 2420 dilucida
1571 2379 1625 2420 fit.

135 2443 334 2484 Ceterum
381 2445 468 2486 fieri
513 2447 663 2498 potuit,
696 2452 741 2487 ut
787 2448 827 2487 hi
858 2448 1047 2488 infinitivi
1079 2449 1120 2488 in
1153 2473 1170 2477 -
1190 2447 1226 2488 m·
1258 2449 1432 2498 exirent,
1467 2448 1581 2500 quod
1613 2447 1625 2484 l

271 2603 295 2644 ¹)
325 2602 386 2635 Ct'i·
412 2603 606 2637 Stolzius
634 2604 693 2638 Gr.
719 2616 751 2647 p.
779 2606 843 2638 379
870 2614 945 2647 sqq.

269 2659 295 2701 2)
321 2659 381 2692 Cfr
406 2659 598 2694 Prollius
623 2672 656 2704 p.
684 2662 726 2694 34
752 2672 812 2704 sq.‚
839 2661 1168 2695 Bouterwekius
1195 2671 1227 2703 p.
1254 2662 1306 2694 35.
