1833 3048
997 33 1046 69 56

345 167 511 212 priorem
542 163 704 201 secundo
735 175 770 210 p.
803 161 891 200 Chr.
923 163 1071 201 saeculo
1102 166 1140 200 in
1170 175 1279 201 usum
1309 163 1501 210 receptam
1531 175 1611 202 esse
1642 165 1781 211 probat

346 232 459 278 Apul.
492 233 579 266 met.
614 230 648 274 9,
681 230 730 266 33
767 229 842 271 (ubi
876 217 1082 277 ‘aucella');
1115 229 1161 266 cf.
1194 230 1301 277 Apic.
1320 231 1365 278 V,
1402 231 1497 275 1943
1530 232 1631 277 20ος
1673 231 1778 276 VIII,

350 298 425 334 372
457 296 514 334 ed.
545 295 709 339 Schuch3
750 295 871 332 altera
919 297 1086 333 occurrit
1116 297 1215 343 apud
1246 296 1375 344 Veget.
1414 300 1485 334 art.
1528 297 1689 334 veterin.
1742 297 1778 342 3,

353 365 413 407 17,
438 366 483 407 2,
516 361 670 407 Coripp.
706 363 742 407 4,
775 362 968 407 5931sid.
1011 362 1074 400 Or.
1111 364 1171 408 15,
1215 364 1251 409 8,
1297 364 1368 409 15,
1416 365 1475 409 19,
1513 365 1572 406 10,
1616 364 1679 399 24.
1738 363 1780 400 In

346 430 454 476 locis,
494 438 586 475 quos
631 427 743 465 affert
773 423 837 464 De
882 423 944 464 Vir.
988 427 1089 465 Plin.
1119 431 1167 467 H.
1198 429 1246 465 N.
1279 431 1330 465 24
1360 427 1381 476 ξ
1416 430 1513 474 1733
1554 429 1603 466 36
1636 427 1657 476 ξ
1692 429 1780 475 179,

350 505 449 532 nunc
479 494 664 531 editiones
695 495 887 531 meliorem
917 493 1078 532 formam
1111 485 1335 542 ‘capitulum'
1357 500 1597 542 receperunt.

268 561 415 598 Eodem
488 560 599 597 modo
647 559 782 597 suffixa
833 556 935 597 -illo-
984 557 1115 597 -cillo-
1170 562 1424 609 duplicatione
1474 565 1560 599 orta
1606 565 1693 598 sunt
1743 562 1781 598 in

343 628 401 664 his
430 627 692 664 deminutivis:

266 689 455 730 anioala:
479 694 523 730 L.
541 693 584 730 L.
607 693 674 737 IX,
701 695 773 738 743
797 704 859 739 ap.
878 693 1010 730 Front.
1028 706 1063 740 p.
1087 695 1175 739 185,
1199 695 1221 729 2
1240 693 1313 737 ted.
1337 690 1485 742 Naber)
1507 694 1597 740 legit
1615 689 1666 729 A.
1689 687 1787 730 Mai

352 751 408 796 'ab
441 770 514 795 anu
544 753 740 805 anucella',
775 753 918 795 Naber
958 770 1084 796 veram
1124 760 1325 796 lectionem
1364 752 1512 796 ‘anulla’
1553 770 1632 796 esse
1666 761 1783 806 suspi-

354 830 473 871 catur,
524 837 607 862 cum
649 819 719 861 Du
764 821 869 861 Rieu
911 820 1085 862 ‘annulla'
1135 826 1204 863 sibi
1242 826 1343 862 visus
1374 827 1421 862 sit
1458 827 1496 862 in
1542 826 1785 873 palimpsesto

350 893 566 938 dispexisse.

273 953 508 1008 einyz'llum:
530 962 600 995 sat.
633 958 679 995 fr.
715 961 789 995 187
822 958 883 1000 (R.
920 962 1006 1002 140,
1043 961 1078 1005 1)
1111 964 1147 996 et
1178 970 1238 1005 ap.
1270 960 1426 997 Petron.
1457 962 1525 996 sat.
1558 960 1619 1004 67,
1653 962 1688 994 4.

376 1025 503 1061 Pauca
552 1025 780 1062 deminutiva
827 1024 962 1062 suffixo
1004 1021 1127 1062 -culo-
1169 1026 1341 1063 derivata
1389 1028 1475 1062 sunt
1518 1036 1540 1062 a
1572 1024 1786 1062 nominibus

269 1092 404 1129 tertiae
435 1092 491 1127 vel
522 1097 681 1138 quartae
712 1091 989 1136 declinationis,
1020 1092 1145 1128 velut:

269 1153 495 1207 &foriculaz
528 1156 573 1193 R.
606 1158 651 1195 R.
682 1157 711 1200 Ι,
746 1158 808 1203 59,
845 1160 878 1202 1,
910 1158 1009 1204 quod
1039 1159 1108 1195 hoc
1142 1161 1287 1195 tantum
1318 1158 1402 1195 loco
1432 1161 1545 1195 extat.

269 1219 454 1260 avicula:
506 1223 606 1270 quod
646 1235 679 1259 v.
722 1222 843 1260 Varro
888 1227 1159 1261 commemorat
1198 1225 1242 1261 L.
1284 1223 1328 1260 L.
1379 1223 1482 1269 VIII,
1536 1224 1596 1267 79,
1642 1223 1782 1269 legitur

354 1290 453 1337 apud
473 1290 588 1336 Apul.
620 1293 706 1327 met.
743 1293 803 1332 11,
843 1291 877 1335 7,
909 1291 956 1326 21
990 1302 1027 1337 p.
1061 1291 1159 1335 7683
1194 1289 1288 1327 Gell.
1321 1292 1357 1335 2,
1395 1290 1460 1331 29,
1493 1291 1536 1335 3,
1570 1288 1705 1326 Front.
1739 1288 1786 1326 ad

352 1358 460 1394 amic.
491 1368 526 1402 p.
570 1356 658 1401 182,
693 1356 714 1391 9
764 1352 839 1404 (ed.
871 1355 1030 1401 Naber).
1072 1356 1247 1394 Ceterum
1287 1357 1434 1393 lexicon
1467 1355 1610 1393 Klotzii
1658 1365 1789 1393 errore

350 1423 510 1469 ducitur,
551 1431 634 1458 cum
661 1421 728 1458 sub
758 1433 790 1458 v.
823 1416 989 1459 ‘avicula'
1024 1423 1182 1460 adnotet
1215 1422 1398 1460 Varronis
1440 1421 1678 1469 temporibus
1718 1422 1789 1460 hoc

357 1488 627 1526 deminutivum
659 1489 825 1526 nondum
854 1490 893 1526 in
921 1500 992 1526 usu
1022 1489 1152 1535 fuisse,
1186 1501 1272 1527 nam
1303 1489 1426 1525 Varro
1457 1488 1480 1524 l.
1513 1499 1544 1525 c.
1582 1487 1675 1526 dicit
1714 1499 1788 1526 non

354 1548 557 1592 ‘aviculam'
589 1554 655 1592 sed
682 1548 900 1592 ‘avicellam'
932 1555 1155 1592 inusitatum
1185 1555 1254 1592 sibi
1285 1554 1416 1591 videri.

271 1616 527 1672 yeuiczdzcm:
562 1620 605 1657 L.
638 1620 681 1657 L.
713 1620 780 1666 IX,
829 1623 871 1658 11
921 1621 1060 1659 dictum
1101 1622 1147 1659 tle
1185 1632 1391 1669 puerorum
1440 1620 1594 1668 genibus
1624 1624 1662 1658 et
1690 1621 1788 1658 idem

354 1699 412 1735 ap.
459 1686 555 1723 Plin.
600 1687 648 1723 H.
692 1687 738 1724 N.
775 1689 822 1725 18
854 1684 947 1736 (10)
979 1690 1054 1735 56;
1103 1690 1152 1725 26
1199 1685 1285 1737 (71)
1320 1690 1396 1724 117
1442 1685 1630 1734 significat
1670 1688 1786 1724 inter—

356 1753 470 1791 nodia
501 1754 617 1791 caulis
646 1754 848 1799 herbacei3
879 1753 925 1792 cf.
957 1754 1061 1792 Tert.
1093 1755 1138 1792 de
1170 1765 1299 1792 coron.
1332 1754 1408 1791 mil.
1442 1756 1476 1791 3.

273 1816 520 1857 arbuscula:
554 1821 598 1858 R.
630 1821 675 1858 R.
707 1822 736 1865 Ι,
770 1822 835 1867 23,
870 1824 913 1867 63
946 1821 1014 1866 ΙΙΙ,
1050 1823 1084 1866 5,
1120 1824 1164 1857 11
1199 1822 1353 1868 proprie
1384 1821 1526 1858 dictum
1554 1819 1599 1857 de
1640 1820 1788 1858 arbori·

362 1887 432 1924 bus
461 1888 600 1933 parvis,
631 1892 673 1924 ut
701 1888 792 1924 item
823 1899 883 1934 ap.
917 1886 997 1926 Col.
1027 1889 1061 1932 5,
1099 1889 1159 1933 10,
1194 1890 1237 1933 73
1272 1890 1306 1930 5,
1344 1890 1403 1933 11,
1439 1887 1508 1933 13;
1541 1887 1637 1924 Ρ1111.
1657 1887 1704 1924 H.
1742 1887 1789 1924 N.

361 1956 408 1991 13
456 1953 539 1999 (51)
586 1956 682 1999 140,
730 1955 776 1989 19
820 1954 910 1999 (58)
966 1955 1053 1992 180.
1097 1954 1203 1992 Alias
1253 1955 1426 1991 notiones
1476 1954 1563 1990 huic
1607 1951 1790 1990 vocabulo

357 2019 615 2057 attribuerunt
632 2020 728 2056 Vitr.
755 2021 815 2065 10,
836 2022 899 2065 20,
921 2020 983 2057 ubi
1000 2021 1098 2058 idem
1122 2025 1190 2065 est,
1222 2020 1321 2067 quod
1352 2019 1489 2057 Graeci
1507 2011 1787 2067 άμαξόποδες

358 2087 565 2134 appellant,
597 2086 633 2122 h.
667 2097 698 2123 e.
729 2086 904 2124 machina
921 2087 1104 2133 quaedam
1134 2088 1271 2134 lignea,
1311 2097 1385 2133 qua
1414 2090 1571 2123 utuntur
1599 2086 1646 2123 ad
1678 2097 1795 2123 onera

359 2153 559 2197 movenda,
591 2157 629 2189 et
659 2152 755 2189 Plin.
789 2153 836 2189 H.
867 2153 914 2190 N.
962 2155 1005 2188 11
1038 2153 1121 2199 (44)
1166 2155 1239 2190 121
1279 2148 1516 2190 'arbusculae
1562 2146 1743 2197 crinitae',
1775 2163 1794 2188 e

359 2219 494 2266 quibus
526 2223 676 2256 constat
706 2229 802 2267 apex
833 2220 872 2255 in
903 2221 1028 2266 capite
1058 2231 1261 2267 pavonum.

388 2285 563 2332 Adiungo
592 2285 651 2322 his
683 2297 727 2322 ex
759 2286 880 2323 classe
909 2297 1051 2331 eorum,
1083 2297 1177 2333 quae
1217 2287 1254 2323 in
1291 2290 1418 2322 -czster
1459 2286 1635 2323 exeuntia
1676 2286 1790 2333 signi-

276 2351 490 2389 ficationem
535 2352 850 2389 deminutivorum
894 2353 1168 2399 quodammodo
1228 2356 1428 2389 consecuta
1474 2356 1572 2396 sunt,
1631 2352 1793 2389 vocabu-

277 2417 352 2453 lum
395 2413 624 2467 *pullccstra
672 2419 717 2455 R.
759 2418 804 2455 R.
845 2418 911 2464 ΙΙΙ,
956 2421 991 2462 9,
1024 2420 1058 2465 9,
1088 2418 1190 2465 quod
1218 2418 1279 2455 hic
1310 2422 1455 2455 tantum
1472 2418 1622 2455 videtur
1647 2423 1787 2455 extare.

281 2481 461 2521 Suffixum
494 2488 623 2520 -aster
653 2485 698 2521 iis
729 2484 920 2522 vocabulis
951 2486 1204 2533 coniungitur,
1237 2495 1333 2531 quae
1364 2484 1649 2521 similitudinem
1681 2488 1796 2531 atque

278 2550 529 2587 imitationem
579 2551 767 2597 quandam
804 2551 964 2589 nominis
1011 2552 1191 2598 primitivi
1226 2551 1279 2587 ita
1328 2548 1551 2598 significent,
1599 2556 1640 2587 ut
1687 2550 1797 2589 huius

281 2616 472 2653 notionem
505 2627 579 2655 non
610 2617 723 2664 plane
754 2621 957 2655 consecuta
997 2629 1078 2654 esse
1118 2618 1177 2654 vel
1216 2618 1444 2663 depravasse
1483 2617 1705 2661 videantur3
1745 2615 1794 2653 cf.

283 2677 562 2729 Antoniaster,
621 2679 863 2729 Catulaster,
914 2684 1048 2730 quibus
1096 2679 1288 2719 Schwabe
1332 2695 1394 2730 pg.
1446 2685 1492 2719 71
1544 2686 1646 2720 recte
1694 2681 1799 2720 addit
