1833 3048
761 60 1049 97 —32-

117 175 273 222 habeat,
298 173 453 216 seilicet
470 187 630 228 ¹qenem
653 175 690 216 σῖ
712 176 796 217 tria
812 174 1026 228 paranda,
1049 175 1231 217 maxime
1252 175 1459 217 villaticas
1477 175 1676 230 pallinas,

119 256 244 295 quam
270 246 535 285 structuram
557 242 727 294 antiqui
745 242 953 285 sermonis
973 255 1068 285 esse
1087 243 1151 286 ait
1170 242 1373 287 Schmalz
1393 243 1465 296 Sy.
1486 241 1510 299 ξ
1530 247 1611 284 232
1629 245 1676 293 b;

118 313 207 355 alia
245 313 443 366 exempla
482 312 582 356 vide
622 312 735 365 apud
766 313 914 355 Kiihn.
956 326 995 366 p.
1034 318 1137 367 515,
1173 317 1218 367 33
1253 313 1330 356 cfr.
1364 313 1676 367 Reichenhart,

117 383 222 426 Act.
258 383 370 425 Sem.
406 383 497 426 Erl.
531 383 599 427 IV
632 387 729 424 487.

236 454 335 495 Duo
369 452 459 495 alia
481 453 615 495 verba
637 452 944 505 impersonalia
970 453 1154 507 singulis
1176 453 1282 495 locis
1301 453 1413 506 apud
1437 455 1679 498 Varronem

119 537 211 567 cum
255 536 344 565 acc.
389 527 434 565 et
475 522 549 565 inf.
589 523 820 565 coniuncta
859 523 1085 578 leguntur,
1126 535 1220 565 cum
1260 536 1312 566 ea
1353 524 1603 576 plerumque
1635 522 1679 565 in

119 598 342 638 structura
393 593 613 646 personali
658 593 922 637 infinitivum
969 607 1022 636 ex
1068 606 1114 637 se
1160 594 1422 646 pendentem
1468 594 1675 647 habeant,

118 668 321 709 videtur
358 663 555 706 nimirum
600 666 645 706 et
677 666 897 708 dicitur:
929 665 996 709 VI
1030 668 1081 704 89
1115 666 1186 708 uba·
1218 666 1255 708 ei
1290 667 1502 708 ridebatur
1532 666 1679 708 horam-

119 752 203 780 esse
225 737 393 779 teo-ticon
416 747 496 786 quo
520 735 612 777 loco
635 734 686 776 L.
708 733 897 789 Spengel
917 737 1023 779 hora
1047 770 1054 778 .
1081 770 1088 778 .
1115 770 1123 779 .
1157 737 1283 780 tertia
1304 734 1435 777 scribi
1456 734 1675 794 voluerat3

117 819 202 848 non
223 808 356 855 recte,
380 817 480 846 nam
504 807 541 849 ei
568 807 780 850 addebatur
795 826 849 840 =
868 808 1052 850 credebat
1075 804 1151 847 cfr.
1174 805 1350 859 Drager
1380 806 1431 848 II
1462 818 1488 858 p
1514 808 1594 845 367
1620 817 1675 864 s.;

118 877 266 918 Kiihn.
300 890 338 929 p.
376 879 456 916 523
492 879 601 918 extr.
633 876 684 918 II
721 880 756 928 1,
783 880 833 917 27
851 878 1034 932 proinde
1055 882 1103 920 ut
1124 892 1212 922 non
1234 878 1488 931 aliquotiens
1509 877 1677 919 dicatur

118 948 280 991 Romae
304 949 517 1002 pepem'sse
547 948 707 991 mulam
739 945 872 1003 [mula
898 947 1015 989 Keil.
1050 946 1113 989 ed.
1147 944 1278 1002 min.].
1340 945 1446 988 Alia
1479 945 1677 998 exempla

119 1017 234 1071 apud
246 1017 383 1071 Drag.
398 1017 448 1059 Π
460 1021 564 1070 4303
584 1016 731 1060 Kiihn.
747 1030 784 1070 p.
801 1021 882 1058 523
898 1017 974 1067 in.;
996 1016 1072 1060 cfr.
1088 1016 1222 1060 etiam
1236 1016 1436 1061 Schmalz
1456 1022 1475 1067 ἓ
1493 1020 1575 1057 234
1588 1018 1676 1059 not.

236 1089 300 1131 Ut
346 1087 414 1130 his
460 1087 567 1130 locis
615 1091 841 1131 structura
881 1087 1142 1131 nominativi
1188 1091 1234 1130 et
1271 1087 1475 1131 infinitivi
1517 1086 1677 1130 ceteris

120 1158 406 1212 scriptoribus
439 1158 580 1213 magis
612 1158 783 1201 usitata
814 1171 900 1201 non
931 1158 1132 1201 adhibita
1161 1162 1242 1212 est,
1277 1158 1339 1201 sic
1371 1160 1524 1200 contra
1555 1169 1678 1200 usum

119 1229 283 1283 legitur
324 1229 349 1271 I
383 1233 420 1282 6,
457 1233 479 1269 2
523 1231 623 1274 haec
664 1235 871 1285 apparent
906 1231 1041 1286 mayis
1083 1231 1140 1274 ita
1178 1244 1284 1283 esse,·
1326 1241 1411 1281 qua
1452 1230 1678 1271 structura

119 1299 254 1342 etiam
290 1311 394 1342 usus
436 1302 505 1342 est
538 1299 690 1342 Cicero
730 1299 826 1342 Fin.
860 1300 937 1342 III
973 1303 1067 1353 7,23
1106 1301 1289 1344 membra
1326 1301 1444 1344 nobis
1486 1301 1548 1343 ita
1579 1300 1679 1342 data

120 1375 240 1425 szmt,
286 1375 331 1414 ut
373 1372 427 1414 ad
466 1372 681 1425 quemdam
718 1372 928 1415 rationem
966 1372 1133 1415 viz-emh·
1170 1372 1269 1415 clota
1308 1386 1392 1414 esse
1422 1374 1680 1426 appaream&

119 1440 193 1482 ubi
215 1452 252 1483 v.
273 1440 484 1494 Madv.¹);
511 1440 587 1483 cfr.
612 1441 747 1483 etiam
771 1440 1013 1494 Schmalz§
1041 1445 1136 1481 234.
1170 1441 1309 1483 Multo
1333 1443 1481 1483 autem
1504 1439 1678 1492 saepius

120 1511 254 1553 etiam
292 1511 405 1564 apud
438 1512 681 1557 Varronem
721 1514 782 1554 ex‘
812 1512 944 1555 verbo
977 1511 1256 1564 impersonali
1288 1517 1461 1568 apparet
1491 1510 1679 1564 pendere

123 1582 423 1625 accusativum
467 1595 501 1624 c.
535 1581 611 1624 inf.
647 1595 699 1623 ex
741 1582 808 1625 his
841 1582 947 1624 locis
981 1582 1188 1625 elucebit:
1231 1582 1285 1627 V.
1323 1585 1401 1622 131
1435 1583 1578 1626 Multa
1602 1617 1609 1625 .
1636 1616 1643 1625 .
1670 1615 1678 1625 .

121 1669 300 1710 quorum
332 1655 529 1697 voeabula
562 1659 735 1709 apparet
767 1670 852 1698 6336
879 1669 1055 1711 praecem
1086 1653 1162 1695 IX
1195 1657 1246 1693 65
1282 1655 1365 1694 etc.

240 1723 403 1766 Cetera
426 1725 563 1767 verba
587 1737 682 1766 cum
703 1723 970 1766 nominativo
995 1726 1041 1766 et
1057 1722 1132 1766 inf.
1154 1723 1385 1766 coniuncta
1403 1734 1681 1765 enumerasse

121 1793 309 1836 sufficiet
342 1793 437 1847 (cfr.
472 1793 655 1837 Kuhner
686 1808 726 1847 p.
763 1798 859 1847 520,
896 1794 956 1849 5):

238 1867 469 1916 repca-ior
510 1866 586 1907 III
633 1869 701 1916 12,
747 1869 772 1905 4
811 1881 930 1920 saepe
968 1881 1059 1908 cum
1099 1866 1251 1909 habent
1293 1866 1452 1909 catulos
1482 1868 1678 1917 recentes,

120 1937 226 1979 allos
257 1937 305 1979 in
337 1940 486 1979 *ventre
517 1937 665 1979 habere
697 1937 999 1990 reperiuntur:
1029 1934 1129 1978 Vide
1161 1934 1218 1975 M.
1245 1933 1442 1977 Schmidt
1463 1934 1507 1976 J.
1530 1934 1673 1976 Jahrb

123 2010 246 2053 1890,
282 2009 379 2045 466.

236 2078 479 2121 invenior
516 2077 636 2119 VIII
678 2080 729 2116 41
771 2077 921 2120 Diona
958 2081 995 2119 et
1039 2076 1230 2129 Theona,
1275 2089 1376 2129 quos
1413 2077 1562 2119 dicum}
1594 2089 1679 2118 esse

113 2162 250 2202 paene
287 2149 371 2202 ipsi
404 2149 613 2203 yemz‘ozos,
652 2149 941 2191 int-emuntur
978 2161 1063 2190 esse
1099 2147 1343 2200 dissimile&
1383 2148 1421 2190 si
1462 2147 1569 2190 alter
1600 2146 1680 2188 erit

117 2232 235 2272 puer,
270 2219 375 2261 alter
406 2232 558 2272 senem
589 2217 687 2260 Vide
719 2217 761 2259 J.
794 2217 949 2259 Jahrb.
989 2220 1112 2269 1890,
1149 2220 1244 2258 860.

241 2380 269 2424 1)
297 2379 387 2417 Cum
421 2379 609 2414 Madvicus
645 2379 720 2414 1.1.
756 2389 835 2414 cum
870 2379 936 2414 hac
973 2382 1159 2414 structura
1198 2382 1296 2414 recte
1331 2389 1410 2414 eam
1445 2377 1692 2417 coniunxerit,

126 2447 232 2481 quam
259 2438 557 2482 anticipationem
585 2437 818 2483 grammatici
843 2438 1035 2472 nominare
1062 2437 1192 2480 solent,
1219 2437 1296 2481 ipse
1317 2447 1456 2480 qnoque
1481 2437 1549 2471 hac
1575 2443 1689 2471 occa-⁴

122 2496 223 2531 sione
251 2497 336 2531 (lata
363 2507 479 2540 pauca
507 2496 550 2531 de
577 2507 619 2531 ea
647 2496 840 2531 adnotabo.
891 2496 934 2530 In
970 2496 1022 2531 eis
1057 2495 1391 2538 enuntiationibus,
1418 2495 1455 2530 in
1482 2495 1611 2538 quibus
1639 2506 1682 2529 ex

123 2566 156 2590 v.
185 2555 365 2590 sentiendi
401 2555 655 2590 declarandive
687 2555 822 2598 pendet
853 2554 1097 2599 interrogatio
1131 2554 1293 2597 obliqua,
1327 2557 1392 2588 aut
1425 2563 1469 2588 ex
1500 2553 1609 2588 verbo
1648 2553 1686 2587 vi

124 2613 305 2648 efficiendi
331 2613 498 2657 praedito
532 2623 745 2657 suspensum
780 2618 837 2648 est
872 2613 1101 2648 enuntiatum
1134 2612 1257 2655 finale,
1294 2622 1402 2656 saepe
1430 2611 1524 2656 apud
1551 2615 1682 2655 poetas

122 2671 292 2714 comicos,
334 2672 454 2707 rarius
487 2672 583 2716 apud
624 2672 834 2716 Ciceronem
875 2671 1076 2707 subiectum
1110 2671 1293 2706 enuntiati
1330 2670 1516 2706 inferioris
1556 2669 1610 2704 ita
1644 2669 1680 2704 in

123 2729 353 2765 enuntiatum
380 2730 591 2774 primarium
619 2731 863 2773 transfertur,
889 2734 931 2765 ut
956 2729 1054 2764 illius
1081 2729 1261 2764 obiectum
1289 2729 1426 2764 efficiat
1451 2729 1528 2774 (cfr.
1560 2728 1681 2762 Kiihn.

121 2799 154 2831 p.
186 2788 274 2822 1055
288 2789 389 2832 sqq).
441 2789 562 2824 Etiam
591 2789 707 2824 Varro
735 2789 899 2833 exempla
925 2787 1072 2824 exhibet
1097 2798 1119 2822 a
1144 2787 1262 2822 Keilio
1294 2787 1430 2831 partim
1457 2787 1616 2822 collecta
1646 2786 1683 2821 in

122 2856 247 2882 comm.
274 2846 319 2881 ad
345 2846 364 2880 I
390 2848 421 2889 2,
448 2847 490 2882 8:
