1833 3048
792 83 836 119 15

59 216 135 252 104
152 227 253 252 uvae
269 212 320 253 ab
340 227 483 263 uvore;
506 216 596 254 ibid.
611 227 843 253 cucumeres
859 228 885 252 a
902 225 1084 260 cuo-vore,
1103 218 1175 251 sat.
1193 213 1240 250 fr.
1260 215 1309 250 33
1329 213 1391 261 (R.
1413 217 1501 261 102,
1524 216 1566 260 4)

56 292 83 316 a
110 276 286 331 fervore
315 277 486 331 febrim,
519 281 562 318 L.
592 282 635 318 L.
666 281 711 324 V,
747 283 820 318 109
858 275 1008 317 'elixum
1042 291 1061 316 e
1089 280 1234 326 liquore
1255 291 1376 326 aquae
1397 275 1563 326 dictum'‚

56 345 121 383 ubi
151 346 274 384 Varro
294 351 336 383 ut
354 345 559 384 formarum
591 347 873 384 similitudinem
892 346 1077 383 indicaret
1096 346 1134 390 (e
1159 346 1304 392 liquore
1327 362 1373 376 =
1407 346 1565 390 elixum)

59 414 337 459 praepositione
367 425 387 449 e
416 425 485 459 pro
515 423 541 448 a
570 424 661 449 usus
690 417 758 457 est,
790 413 827 448 id
856 412 953 458 quod
980 412 1172 448 rarissime
1201 423 1286 449 eum
1317 411 1451 449 fecisse
1480 423 1570 449 con-

59 481 135 515 stat
165 477 227 519 (of.
270 474 500 514 Wibmamzs
541 479 587 516 de
615 478 798 515 Varronis
827 477 934 514 libris
964 488 1118 524 gramm.
1148 488 1185 523 p.
1215 480 1286 514 42:
1308 472 1444 515 ‘Varro
1473 488 1568 514 sem-

59 554 129 590 per
157 543 236 582 fere
264 545 303 581 in
332 545 628 582 derivationibus
659 556 686 580 a
713 544 993 591 praepositione
1023 537 1191 589 utitur'.).

171 621 371 658 Postremo
400 622 524 659 Varro
554 626 686 667 quater
715 620 961 657 substantivis
991 621 1030 656 in
1062 625 1175 656 -ειινα
1213 631 1299 657 usus
1329 624 1386 658 est
1414 621 1461 658 ad
1490 630 1572 657 ver-

61 687 194 723 borum
223 688 387 734 origines
417 688 668 734 aperiendas,
699 687 801 724 velut
831 690 902 723 sat.
924 685 970 723 fr.
1002 687 1081 724 420
1111 683 1177 730 (R.
1203 688 1291 739 199,
1315 683 1360 727 3]
1389 698 1415 722 a
1440 681 1573 723 caela·

64 757 160 789 tura
193 774 239 779 —
262 748 430 799 caelum,
462 755 507 791 L.
526 754 568 791 L.
599 753 644 802 V7
676 755 726 790 62
758 765 784 788 a
812 750 1002 789 vinctura
1032 747 1187 789 dicitur
1216 749 1333 789 vieri.

175 830 248 868 Sed
277 832 422 868 utiam
453 831 499 867 ad
539 831 772 878 propositum
810 829 1018 874 redeamus,
1056 830 1177 875 primo
1218 830 1300 867 loco
1344 829 1575 867 enumerabo

67 908 112 933 ea
151 897 385 934 substantiva
426 898 465 934 in
497 901 580 933 -tus
610 896 794 940 cadentia,
839 906 933 942 quae
964 895 1157 941 veriloquii
1196 906 1309 933 causa
1349 907 1372 933 a
1404 897 1576 934 Varrone

74 962 248 999 uidentur
279 966 415 999 novata
447 973 538 999 esse.
600 962 680 1007 Quo
712 974 757 999 ex
786 972 923 1009 genere
953 960 1145 997 afferenda
1173 962 1300 1007 putavi
1327 961 1443 999 haee:
1469 958 1501 1010 ¹]

65 1023 394 1072 *ambecisumv
428 1028 470 1065 L.
493 1029 537 1065 L.
563 1028 646 1072 VII,
683 1030 734 1065 43
756 1023 904 1065 ‘ancilia
933 1027 1033 1064 dicta
1062 1026 1109 1063 ab
1131 1022 1343 1065 ambecisu'.
1375 1028 1437 1074 (cf.
1466 1027 1510 1065 L.
1532 1029 1576 1065 L.

149 1092 232 1139 VII,
279 1095 354 1130 30:
411 1093 645 1141 {ambages}
685 1095 894 1141 profectum
933 1105 955 1130 a
989 1092 1103 1130 verbo
1147 1093 1268 1139 ambe,
1310 1094 1409 1140 quod
1445 1097 1503 1131 est
1540 1095 1578 1130 in

147 1159 318 1197 ambitu“
348 1156 454 1209 ete).

69 1220 296 1263 *deb-itus:
328 1227 372 1263 L.
405 1227 448 1263 L.
480 1226 525 1269 V,
558 1228 631 1263 176
662 1221 944 1263 ‘detrimentum
974 1237 996 1262 a
1025 1219 1191 1263 detritu'.

71 1289 283 1329 *iunctusz
316 1294 361 1330 L.
390 1292 433 1329 L.
465 1292 510 1338 V,
557 1294 631 1330 135
660 1287 798 1339 ‘iugum
827 1295 865 1328 et
893 1293 1099 1329 iumentum
1136 1302 1160 1328 a
1189 1286 1339 1339 iunctu’5
1380 1290 1425 1329 ef.
1458 1292 1502 1328 L.
1533 1293 1577 1329 L.

152 1359 197 1403 V,
233 1360 284 1395 47
313 1354 549 1396 'Ceroliensis
590 1370 612 1395 a
642 1360 854 1395 carinarum
882 1359 1011 1395 iunctu
1041 1358 1161 1394 dictus
1190 1353 1359 1396 Carinae'
1391 1362 1429 1396 et
1457 1359 1502 1396 L.
1534 1359 1578 1396 L.

154 1425 198 1461 X.
234 1426 287 1460 24
316 1420 532 1472 ‘quadrigae
563 1436 586 1460 a
616 1426 814 1462 coniuncta
861 1419 1007 1470 dictae'⁷
1047 1424 1145 1470 quod
1183 1423 1407 1462 vocabulum
1436 1426 1580 1471 reperi-

154 1495 216 1527 tur
245 1490 443 1537 Papinian.
475 1493 561 1539 Dig.
594 1493 656 1539 32,
690 1493 752 1536 91,
784 1493 807 1526 4
838 1485 1035 1527 ‘communi
1065 1485 1288 1529 coniunctu’.

72 1554 292 1607 *pipatuffl
336 1558 379 1594 L.
408 1558 452 1594 L.
484 1557 566 1603 Vn,
613 1559 686 1594 103
717 1551 876 1603 'pipulus
920 1568 942 1593 a
971 1558 1100 1603 pipatu
1138 1551 1349 1603 pullorum'.
1399 1555 1444 1594 cf.
1472 1557 1578 1594 Paul.

95 1673 97 1675 q
153 1633 197 1659 ex
226 1623 331 1659 Fest.
362 1635 399 1669 p.
441 1625 518 1659 212
561 1618 715 1670 ‘pipatio
745 1617 908 1659 elamor'.
967 1623 1129 1659 Verbum
1174 1623 1330 1669 pipandi
1376 1627 1446 1660 sat.
1478 1622 1523 1661 fr.
1556 1626 1578 1661 3

157 1689 222 1732 (R.
254 1690 317 1728 93.
350 1686 396 1738 2)
428 1689 473 1726 de
495 1690 719 1736 gallinarum
740 1699 842 1734 voce,
865 1692 941 1725 eta
962 1689 1132 1725 Varrone
1163 1700 1223 1734 ap.
1241 1688 1337 1725 Non.
1371 1690 1462 1735 450,
1493 1692 1515 1728 6
1535 1690 1579 1728 de

154 1754 342 1799 pullorum
372 1755 623 1801 quorumlibet
649 1766 737 1793 voce
769 1754 918 1792 dicitur.

75 1820 249 1856 *ra-sus:
282 1820 325 1856 L.
357 1820 398 1856 L.
431 1821 474 1866 V,
513 1822 584 1857 13ss
615 1815 698 1867 ‘quo
728 1821 774 1857 ab
804 1832 893 1857 rasu
919 1821 1061 1857 rastelli
1093 1814 1203 1857 dieti'.

74 1881 247 1921 *ratast
285 1887 330 1923 L.
364 1886 408 1923 L.
440 1888 484 1932 V,
521 1888 593 1923 136
627 1888 738 1931 (coni.
771 1886 885 1928 Scal.)
914 1880 1049 1929 ‘rastri,
1095 1885 1226 1931 quibus
1256 1885 1418 1922 dentatis
1449 1915 1457 1924 .
1492 1916 1499 1923 .
1533 1916 1540 1923 .
1571 1912 1581 1921 .

160 1951 319 1988 eradunt
354 1956 494 1989 terram
523 1957 637 1999 atque
667 1956 813 1997 eruunt,
846 1963 867 1988 a
897 1963 970 1997 quo
1000 1955 1087 1987 rutu
1115 1952 1232 1990 rastri
1258 1945 1371 1987 dieti’.

72 2032 235 2065 ventas:
277 2030 321 2066 L.
352 2029 395 2066 L.
435 2030 479 2075 V,
514 2031 563 2065 94
606 2026 771 2067 'venator
799 2041 821 2066 a
850 2032 974 2073 ventu,
1006 2029 1104 2075 quod
1135 2028 1304 2074 sequitur
1333 2029 1486 2065 verbum
1517 2029 1581 2066 ad-

154 2099 304 2131 ventum
334 2099 371 2132 et
400 2090 618 2135 inventum',
648 2106 744 2142 quae
774 2095 889 2132 verba
917 2094 1087 2141 Scaliger
1115 2095 1306 2141 ingeniose
1337 2095 1486 2141 quidem
1516 2096 1582 2133 sed

153 2160 213 2196 vix
251 2164 352 2197 recte
394 2163 446 2197 sic
486 2162 717 2198 emendavit:
761 2156 794 2198 'a
831 2165 953 2206 vento,
1003 2161 1102 2206 quod
1141 2162 1308 2206 sequitur
1346 2172 1495 2198 cervum
1535 2162 1582 2199 ad

169 2305 193 2348 ¹)
220 2308 314 2340 Huic
353 2309 462 2340 indici
494 2320 534 2341 ea
566 2313 697 2341 tantum
730 2311 901 2342 voeabula
939 2313 973 2342 in
1011 2315 1076 2341 -Ius
1109 2311 1270 2343 cadentia
1310 2312 1454 2350 inserui,
1492 2322 1581 2353 quae

76 2375 173 2397 suam
209 2366 358 2397 nominis
396 2370 553 2397 naturam
586 2366 780 2398 luculenter
809 2377 892 2408 prae
929 2378 964 2399 se
1002 2368 1135 2405 ferunt3
1172 2378 1240 2408 qua
1278 2379 1313 2399 re
1353 2368 1580 2400 omittendum

77 2423 199 2464 putavi
225 2422 433 2454 vocabulum
460 2427 604 2455 attactus
639 2425 678 2456 R.
705 2425 743 2457 R.
770 2425 815 2463 11,
843 2426 873 2457 5.
902 2425 922 2455 8
947 2417 1090 2456 'corium
1117 2429 1246 2456 attactu
1271 2436 1337 2456 non
1364 2436 1523 2467 asperum
1549 2431 1583 2457 et

78 2475 226 2515 durum⁹‚
252 2478 343 2520 quod
376 2480 449 2511 sine
475 2480 582 2512 dubio
608 2482 652 2512 ad
676 2483 836 2522 supinum
868 2482 905 2513 Π
930 2481 1149 2514 referendum
1175 2486 1236 2513 est.
1284 2482 1449 2514 Eiusdem
1479 2493 1583 2515 voca-

78 2534 153 2566 buli
177 2534 353 2567 ablativus
380 2541 474 2568 extat
500 2538 602 2579 Verg.
631 2540 716 2569 Aen.
755 2541 785 2575 7,
811 2530 888 2569 349ζ
913 2539 1065 2570 volvitur
1091 2542 1221 2570 attactu
1247 2535 1355 2571 nullo'
1389 2545 1422 2571 et
1448 2539 1581 2572 Pallad.

82 2593 112 2632 1,
136 2592 191 2631 35,
219 2594 257 2622 11
286 2583 427 2624 ‘attactu
452 2591 636 2635 frequenti'
663 2600 696 2626 et
721 2596 864 2626 Iuvenc.
892 2597 921 2635 1,
949 2595 1014 2629 776
1041 2587 1179 2625 vattactu
1205 2594 1304 2627 solo*-

173 2662 198 2703 Ξ)
225 2666 411 2697 Asteriseis
437 2665 580 2698 distinxi
611 2677 651 2698 ea
685 2667 866 2710 vocabula,
897 2679 1041 2710 quorum
1068 2670 1202 2701 nullum
1228 2674 1366 2711 praeter
1392 2671 1581 2703 Varronem

80 2724 162 2753 novi
187 2726 374 2755 auctorem.
