<?xml version="1.0" encoding="UTF-8"?>
<!DOCTYPE html PUBLIC "-//W3C//DTD XHTML 1.0 Transitional//EN"
    "http://www.w3.org/TR/xhtml1/DTD/xhtml1-transitional.dtd">
<html xmlns="http://www.w3.org/1999/xhtml" xml:lang="en" lang="en">
 <head>
  <title>
</title>
<meta http-equiv="Content-Type" content="text/html;charset=utf-8" />
  <meta name='ocr-system' content='tesseract 3.04.00' />
  <meta name='ocr-capabilities' content='ocr_page ocr_carea ocr_par ocr_line ocrx_word'/>
</head>
<body>
  <div class='ocr_page' id='page_1' title='image "./syntaxislucretia00holtuoft_0231.png"; bbox 0 0 1787 3043; ppageno 0'>
   <div class='ocr_carea' id='block_1_1' title="bbox 1579 88 1606 129">
    <p class='ocr_par' dir='ltr' id='par_1_1' title="bbox 1579 88 1606 129">
     <span class='ocr_line' id='line_1_1' title="bbox 1579 88 1606 129; baseline 0 0"><span class='ocrx_word' id='word_1_1' title='bbox 1579 88 1606 129; x_wconf 79' lang='lat'>5</span> 
     </span>
    </p>
   </div>
   <div class='ocr_carea' id='block_1_2' title="bbox 173 209 1661 388">
    <p class='ocr_par' dir='ltr' id='par_1_2' title="bbox 173 209 1661 388">
     <span class='ocr_line' id='line_1_2' title="bbox 174 209 1660 263; baseline 0.001 -15"><span class='ocrx_word' id='word_1_2' title='bbox 174 209 518 250; x_wconf 81' lang='lat' dir='ltr'>coniunctionem</span> <span class='ocrx_word' id='word_1_3' title='bbox 567 210 864 261; x_wconf 66' lang='lat' dir='ltr'>significarent,</span> <span class='ocrx_word' id='word_1_4' title='bbox 912 211 1119 251; x_wconf 75' lang='lat' dir='ltr'>ablativus</span> <span class='ocrx_word' id='word_1_5' title='bbox 1165 217 1203 252; x_wconf 88' lang='lat' dir='ltr'>et</span> <span class='ocrx_word' id='word_1_6' title='bbox 1249 212 1469 263; x_wconf 76' lang='lat' dir='ltr'>genetivus</span> <span class='ocrx_word' id='word_1_7' title='bbox 1499 212 1660 251; x_wconf 83' lang='lat' dir='ltr'>initium</span> 
     </span>
     <span class='ocr_line' id='line_1_3' title="bbox 174 278 1661 330; baseline 0.003 -15"><span class='ocrx_word' id='word_1_8' title='bbox 174 281 315 316; x_wconf 77' lang='lat' dir='ltr'>motus</span> <span class='ocrx_word' id='word_1_9' title='bbox 361 278 656 329; x_wconf 70' lang='lat' dir='ltr'>exprimerent,</span> <span class='ocrx_word' id='word_1_10' title='bbox 702 278 740 318; x_wconf 80' lang='lat' dir='ltr'>icl</span> <span class='ocrx_word' id='word_1_11' title='bbox 782 279 895 330; x_wconf 79' lang='lat' dir='ltr'>quod</span> <span class='ocrx_word' id='word_1_12' title='bbox 927 279 1034 319; x_wconf 86' lang='lat' dir='ltr'>infra</span> <span class='ocrx_word' id='word_1_13' title='bbox 1066 279 1209 320; x_wconf 83' lang='lat' dir='ltr'>tabula</span> <span class='ocrx_word' id='word_1_14' title='bbox 1240 280 1448 320; x_wconf 83' lang='lat' dir='ltr'>illustrare</span> <span class='ocrx_word' id='word_1_15' title='bbox 1482 284 1661 320; x_wconf 84' lang='lat' dir='ltr'>conatus</span> 
     </span>
     <span class='ocr_line' id='line_1_4' title="bbox 173 346 328 388; baseline 0.006 -5"><span class='ocrx_word' id='word_1_16' title='bbox 173 346 328 388; x_wconf 70' lang='lat' dir='ltr'>sumll.</span> 
     </span>
    </p>
   </div>
   <div class='ocr_carea' id='block_1_3' title="bbox 567 441 1191 561">
    <p class='ocr_par' dir='ltr' id='par_1_3' title="bbox 567 441 1191 561">
     <span class='ocr_line' id='line_1_5' title="bbox 567 441 1191 490; baseline 0 -1"><span class='ocrx_word' id='word_1_17' title='bbox 567 441 898 490; x_wconf 66' lang='lat' dir='ltr'>zstsomz&#39;nativus</span> <span class='ocrx_word' id='word_1_18' title='bbox 918 455 945 490; x_wconf 82' lang='lat'><strong><em>2</em></strong></span> <span class='ocrx_word' id='word_1_19' title='bbox 959 442 1191 490; x_wconf 73' lang='lat' dir='ltr'>Vocatz&#39;ems.</span> 
     </span>
     <span class='ocr_line' id='line_1_6' title="bbox 864 524 950 561; baseline 0 0"><span class='ocrx_word' id='word_1_20' title='bbox 864 524 950 561; x_wconf 67' lang='lat' dir='ltr'>eruis?</span> 
     </span>
    </p>
   </div>
   <div class='ocr_carea' id='block_1_4' title="bbox 489 563 1330 760">
    <p class='ocr_par' dir='ltr' id='par_1_4' title="bbox 489 563 1330 760">
     <span class='ocr_line' id='line_1_7' title="bbox 489 563 1330 760; baseline 0 2283"><span class='ocrx_word' id='word_1_21' title='bbox 489 563 1330 760; x_wconf 95' lang='lat' dir='ltr'> </span> 
     </span>
    </p>
   </div>
   <div class='ocr_carea' id='block_1_5' title="bbox 207 776 1663 842">
    <p class='ocr_par' dir='ltr' id='par_1_5' title="bbox 207 776 1663 842">
     <span class='ocr_line' id='line_1_8' title="bbox 207 776 1663 842; baseline -0.015 0"><span class='ocrx_word' id='word_1_22' title='bbox 207 791 466 842; x_wconf 48' lang='lat' dir='ltr'>ablativus</span> <span class='ocrx_word' id='word_1_23' title='bbox 490 801 515 837; x_wconf 78' lang='lat'><em>8</em></span> <span class='ocrx_word' id='word_1_24' title='bbox 528 792 739 837; x_wconf 70' lang='lat' dir='ltr'>szetz&#39;vus</span> <span class='ocrx_word' id='word_1_25' title='bbox 1068 783 1286 830; x_wconf 71' lang='lat' dir='ltr'>4Batimts</span> <span class='ocrx_word' id='word_1_26' title='bbox 1353 776 1663 825; x_wconf 61' lang='lat' dir='ltr'>mmmmm</span> 
     </span>
    </p>
   </div>
   <div class='ocr_carea' id='block_1_6' title="bbox 508 1011 1325 1196">
    <p class='ocr_par' dir='ltr' id='par_1_6' title="bbox 508 1011 1325 1196">
     <span class='ocr_line' id='line_1_9' title="bbox 508 1011 1325 1196; baseline 0 -106"><span class='ocrx_word' id='word_1_27' title='bbox 508 1011 1325 1196; x_wconf 95' lang='lat' dir='ltr'>    </span> 
     </span>
    </p>
   </div>
   <div class='ocr_carea' id='block_1_7' title="bbox 890 1122 1515 1175">
    <p class='ocr_par' dir='ltr' id='par_1_7' title="bbox 890 1122 1515 1175">
     <span class='ocr_line' id='line_1_10' title="bbox 890 1122 1515 1175; baseline -0.018 0"><span class='ocrx_word' id='word_1_28' title='bbox 890 1124 1276 1175; x_wconf 66' lang='lat' dir='ltr'>olmhumentalz&#39;s</span> <span class='ocrx_word' id='word_1_29' title='bbox 1306 1122 1515 1168; x_wconf 75' lang='lat' dir='ltr'>5Locale&#39;s</span> 
     </span>
    </p>
   </div>
   <div class='ocr_carea' id='block_1_8' title="bbox 863 1178 1527 1229">
    <p class='ocr_par' dir='ltr' id='par_1_8' title="bbox 863 1178 1527 1229">
     <span class='ocr_line' id='line_1_11' title="bbox 863 1178 1527 1229; baseline 0 -19"><span class='ocrx_word' id='word_1_30' title='bbox 863 1178 1527 1229; x_wconf 31' lang='lat' dir='ltr'>g-—qf—-d</span> 
     </span>
    </p>
   </div>
   <div class='ocr_carea' id='block_1_9' title="bbox 1003 1220 1434 1266">
    <p class='ocr_par' dir='ltr' id='par_1_9' title="bbox 1003 1220 1434 1266">
     <span class='ocr_line' id='line_1_12' title="bbox 1003 1220 1434 1266; baseline -0.002 -14"><span class='ocrx_word' id='word_1_31' title='bbox 1003 1224 1063 1266; x_wconf 70' lang='lat' dir='ltr'>ffuz&#39;</span> <span class='ocrx_word' id='word_1_32' title='bbox 1074 1228 1092 1255; x_wconf 64' lang='grc' dir='ltr'>,ἰ</span> <span class='ocrx_word' id='word_1_33' title='bbox 1352 1220 1434 1252; x_wconf 65' lang='lat' dir='ltr'>ulti?</span> 
     </span>
    </p>
   </div>
   <div class='ocr_carea' id='block_1_10' title="bbox 159 1328 1657 2059">
    <p class='ocr_par' dir='ltr' id='par_1_10' title="bbox 159 1328 1657 2059">
     <span class='ocr_line' id='line_1_13' title="bbox 302 1328 1654 1382; baseline -0.001 -14"><span class='ocrx_word' id='word_1_34' title='bbox 302 1328 394 1379; x_wconf 79' lang='lat' dir='ltr'>Qua</span> <span class='ocrx_word' id='word_1_35' title='bbox 426 1329 594 1381; x_wconf 81' lang='lat' dir='ltr'>quidem</span> <span class='ocrx_word' id='word_1_36' title='bbox 626 1328 771 1370; x_wconf 88' lang='lat' dir='ltr'>tabula</span> <span class='ocrx_word' id='word_1_37' title='bbox 802 1342 886 1382; x_wconf 88' lang='lat' dir='ltr'>quo</span> <span class='ocrx_word' id='word_1_38' title='bbox 920 1329 1046 1370; x_wconf 83' lang='lat' dir='ltr'>modo</span> <span class='ocrx_word' id='word_1_39' title='bbox 1079 1342 1204 1370; x_wconf 85' lang='lat' dir='ltr'>casus</span> <span class='ocrx_word' id='word_1_40' title='bbox 1236 1330 1403 1382; x_wconf 76' lang='lat' dir='ltr'>linguae</span> <span class='ocrx_word' id='word_1_41' title='bbox 1432 1330 1588 1370; x_wconf 87' lang='lat' dir='ltr'>latinae</span> <span class='ocrx_word' id='word_1_42' title='bbox 1615 1332 1654 1367; x_wconf 78' lang='lat' dir='ltr'>et</span> 
     </span>
     <span class='ocr_line' id='line_1_14' title="bbox 164 1395 1654 1438; baseline 0.001 -4"><span class='ocrx_word' id='word_1_43' title='bbox 164 1395 396 1436; x_wconf 78' lang='lat' dir='ltr'>formarum</span> <span class='ocrx_word' id='word_1_44' title='bbox 444 1401 484 1437; x_wconf 91' lang='lat' dir='ltr'>et</span> <span class='ocrx_word' id='word_1_45' title='bbox 524 1397 745 1437; x_wconf 82' lang='lat' dir='ltr'>notionum</span> <span class='ocrx_word' id='word_1_46' title='bbox 778 1397 1046 1438; x_wconf 74' lang='lat' dir='ltr'>similitudine</span> <span class='ocrx_word' id='word_1_47' title='bbox 1077 1397 1186 1438; x_wconf 88' lang='lat' dir='ltr'>inter</span> <span class='ocrx_word' id='word_1_48' title='bbox 1216 1409 1261 1438; x_wconf 89' lang='lat' dir='ltr'>se</span> <span class='ocrx_word' id='word_1_49' title='bbox 1293 1398 1553 1438; x_wconf 76' lang='lat' dir='ltr'>cohaereant</span> <span class='ocrx_word' id='word_1_50' title='bbox 1584 1396 1654 1436; x_wconf 89' lang='lat' dir='ltr'>ali-</span> 
     </span>
     <span class='ocr_line' id='line_1_15' title="bbox 164 1464 1656 1517; baseline 0 -14"><span class='ocrx_word' id='word_1_51' title='bbox 164 1475 248 1514; x_wconf 79' lang='lat' dir='ltr'>qua</span> <span class='ocrx_word' id='word_1_52' title='bbox 293 1464 442 1505; x_wconf 83' lang='lat' dir='ltr'>saltem</span> <span class='ocrx_word' id='word_1_53' title='bbox 490 1476 540 1505; x_wconf 79' lang='lat' dir='ltr'>ex</span> <span class='ocrx_word' id='word_1_54' title='bbox 572 1469 691 1516; x_wconf 88' lang='lat' dir='ltr'>parte</span> <span class='ocrx_word' id='word_1_55' title='bbox 738 1477 862 1516; x_wconf 86' lang='lat' dir='ltr'>spero</span> <span class='ocrx_word' id='word_1_56' title='bbox 909 1464 998 1505; x_wconf 84' lang='lat' dir='ltr'>sore</span> <span class='ocrx_word' id='word_1_57' title='bbox 1036 1470 1079 1505; x_wconf 89' lang='lat' dir='ltr'>ut</span> <span class='ocrx_word' id='word_1_58' title='bbox 1113 1469 1328 1517; x_wconf 78' lang='lat' dir='ltr'>appareat.</span> <span class='ocrx_word' id='word_1_59' title='bbox 1388 1466 1495 1506; x_wconf 88' lang='lat' dir='ltr'>Nam</span> <span class='ocrx_word' id='word_1_60' title='bbox 1530 1477 1656 1505; x_wconf 86' lang='lat' dir='ltr'>casus</span> 
     </span>
     <span class='ocr_line' id='line_1_16' title="bbox 163 1532 1657 1585; baseline 0.001 -14"><span class='ocrx_word' id='word_1_61' title='bbox 163 1543 213 1571; x_wconf 83' lang='lat' dir='ltr'>ex</span> <span class='ocrx_word' id='word_1_62' title='bbox 259 1532 375 1572; x_wconf 87' lang='lat' dir='ltr'>initio</span> <span class='ocrx_word' id='word_1_63' title='bbox 421 1532 460 1572; x_wconf 92' lang='lat' dir='ltr'>vi</span> <span class='ocrx_word' id='word_1_64' title='bbox 496 1537 534 1572; x_wconf 65' lang='lat'>01</span> <span class='ocrx_word' id='word_1_65' title='bbox 567 1532 706 1573; x_wconf 87' lang='lat' dir='ltr'>indole</span> <span class='ocrx_word' id='word_1_66' title='bbox 739 1532 886 1574; x_wconf 83' lang='lat' dir='ltr'>affines</span> <span class='ocrx_word' id='word_1_67' title='bbox 918 1532 1039 1573; x_wconf 80' lang='lat' dir='ltr'>facile</span> <span class='ocrx_word' id='word_1_68' title='bbox 1071 1532 1273 1573; x_wconf 87' lang='lat' dir='ltr'>confundi</span> <span class='ocrx_word' id='word_1_69' title='bbox 1303 1546 1429 1585; x_wconf 85' lang='lat' dir='ltr'>posse</span> <span class='ocrx_word' id='word_1_70' title='bbox 1462 1533 1561 1573; x_wconf 90' lang='lat' dir='ltr'>nihil</span> <span class='ocrx_word' id='word_1_71' title='bbox 1593 1536 1657 1573; x_wconf 88' lang='lat' dir='ltr'>est</span> 
     </span>
     <span class='ocr_line' id='line_1_17' title="bbox 163 1599 1655 1652; baseline 0.001 -13"><span class='ocrx_word' id='word_1_72' title='bbox 163 1612 238 1639; x_wconf 87' lang='lat' dir='ltr'>cur</span> <span class='ocrx_word' id='word_1_73' title='bbox 270 1600 470 1640; x_wconf 83' lang='lat' dir='ltr'>miremur</span> <span class='ocrx_word' id='word_1_74' title='bbox 494 1600 541 1651; x_wconf 75' lang='lat'>²).</span> <span class='ocrx_word' id='word_1_75' title='bbox 601 1600 740 1652; x_wconf 83' lang='lat' dir='ltr'>Atque</span> <span class='ocrx_word' id='word_1_76' title='bbox 772 1601 965 1652; x_wconf 87' lang='lat' dir='ltr'>primitus</span> <span class='ocrx_word' id='word_1_77' title='bbox 1002 1601 1295 1641; x_wconf 78' lang='lat' dir='ltr'>accusativum</span> <span class='ocrx_word' id='word_1_78' title='bbox 1326 1601 1505 1642; x_wconf 85' lang='lat' dir='ltr'>localem</span> <span class='ocrx_word' id='word_1_79' title='bbox 1538 1599 1655 1641; x_wconf 91' lang='lat' dir='ltr'>abla-</span> 
     </span>
     <span class='ocr_line' id='line_1_18' title="bbox 160 1667 1656 1720; baseline 0.001 -13"><span class='ocrx_word' id='word_1_80' title='bbox 160 1667 292 1707; x_wconf 85' lang='lat' dir='ltr'>tivum</span> <span class='ocrx_word' id='word_1_81' title='bbox 325 1667 378 1708; x_wconf 89' lang='lat' dir='ltr'>ad</span> <span class='ocrx_word' id='word_1_82' title='bbox 410 1667 567 1708; x_wconf 84' lang='lat' dir='ltr'>locales</span> <span class='ocrx_word' id='word_1_83' title='bbox 597 1668 826 1708; x_wconf 77' lang='lat' dir='ltr'>relationes</span> <span class='ocrx_word' id='word_1_84' title='bbox 858 1668 1108 1709; x_wconf 86' lang='lat' dir='ltr'>indicandas</span> <span class='ocrx_word' id='word_1_85' title='bbox 1140 1669 1338 1720; x_wconf 77' lang='lat' dir='ltr'>aptiores,</span> <span class='ocrx_word' id='word_1_86' title='bbox 1371 1669 1558 1709; x_wconf 87' lang='lat' dir='ltr'>dativum</span> <span class='ocrx_word' id='word_1_87' title='bbox 1592 1668 1656 1708; x_wconf 89' lang='lat' dir='ltr'>in—</span> 
     </span>
     <span class='ocr_line' id='line_1_19' title="bbox 162 1736 1651 1789; baseline 0.001 -14"><span class='ocrx_word' id='word_1_88' title='bbox 162 1736 483 1776; x_wconf 88' lang='lat' dir='ltr'>strumentalem</span> <span class='ocrx_word' id='word_1_89' title='bbox 531 1736 773 1787; x_wconf 76' lang='lat' dir='ltr'>genetivum</span> <span class='ocrx_word' id='word_1_90' title='bbox 822 1761 876 1765; x_wconf 81' lang='lat'>——</span> <span class='ocrx_word' id='word_1_91' title='bbox 922 1749 1029 1789; x_wconf 84' lang='lat' dir='ltr'>quos</span> <span class='ocrx_word' id='word_1_92' title='bbox 1060 1736 1170 1777; x_wconf 88' lang='lat' dir='ltr'>intra</span> <span class='ocrx_word' id='word_1_93' title='bbox 1200 1737 1333 1777; x_wconf 86' lang='lat' dir='ltr'>lineas</span> <span class='ocrx_word' id='word_1_94' title='bbox 1365 1736 1571 1778; x_wconf 89' lang='lat' dir='ltr'>collocavi</span> <span class='ocrx_word' id='word_1_95' title='bbox 1605 1760 1651 1764; x_wconf 88' lang='lat'>-—</span> 
     </span>
     <span class='ocr_line' id='line_1_20' title="bbox 161 1803 1655 1856; baseline 0 -13"><span class='ocrx_word' id='word_1_96' title='bbox 161 1803 213 1843; x_wconf 90' lang='lat' dir='ltr'>ad</span> <span class='ocrx_word' id='word_1_97' title='bbox 260 1804 458 1845; x_wconf 87' lang='lat' dir='ltr'>notiones</span> <span class='ocrx_word' id='word_1_98' title='bbox 504 1816 632 1844; x_wconf 85' lang='lat' dir='ltr'>sensu</span> <span class='ocrx_word' id='word_1_99' title='bbox 678 1805 930 1845; x_wconf 81' lang='lat' dir='ltr'>remotiores</span> <span class='ocrx_word' id='word_1_100' title='bbox 975 1805 1111 1856; x_wconf 84' lang='lat' dir='ltr'>magis</span> <span class='ocrx_word' id='word_1_101' title='bbox 1142 1805 1495 1845; x_wconf 85' lang='lat' dir='ltr'>accommodatos</span> <span class='ocrx_word' id='word_1_102' title='bbox 1527 1803 1655 1844; x_wconf 85' lang='lat' dir='ltr'>fuisse</span> 
     </span>
     <span class='ocr_line' id='line_1_21' title="bbox 160 1871 1654 1925; baseline 0.001 -14"><span class='ocrx_word' id='word_1_103' title='bbox 160 1871 225 1912; x_wconf 90' lang='lat' dir='ltr'>vel</span> <span class='ocrx_word' id='word_1_104' title='bbox 259 1871 356 1912; x_wconf 89' lang='lat' dir='ltr'>inde</span> <span class='ocrx_word' id='word_1_105' title='bbox 394 1873 589 1913; x_wconf 89' lang='lat' dir='ltr'>concludi</span> <span class='ocrx_word' id='word_1_106' title='bbox 623 1877 776 1925; x_wconf 75' lang='lat' dir='ltr'>potest,</span> <span class='ocrx_word' id='word_1_107' title='bbox 810 1873 923 1925; x_wconf 83' lang='lat' dir='ltr'>quod</span> <span class='ocrx_word' id='word_1_108' title='bbox 954 1873 1008 1913; x_wconf 90' lang='lat' dir='ltr'>illi</span> <span class='ocrx_word' id='word_1_109' title='bbox 1041 1885 1166 1914; x_wconf 87' lang='lat' dir='ltr'>casus</span> <span class='ocrx_word' id='word_1_110' title='bbox 1199 1886 1294 1913; x_wconf 92' lang='lat' dir='ltr'>cum</span> <span class='ocrx_word' id='word_1_111' title='bbox 1328 1872 1654 1925; x_wconf 79' lang='lat' dir='ltr'>praepositioni—</span> 
     </span>
     <span class='ocr_line' id='line_1_22' title="bbox 159 1938 1653 1994; baseline 0 -15"><span class='ocrx_word' id='word_1_112' title='bbox 159 1938 238 1980; x_wconf 85' lang='lat' dir='ltr'>bus</span> <span class='ocrx_word' id='word_1_113' title='bbox 285 1940 484 1992; x_wconf 81' lang='lat' dir='ltr'>coniungi</span> <span class='ocrx_word' id='word_1_114' title='bbox 530 1941 681 1989; x_wconf 75' lang='lat' dir='ltr'>solent,</span> <span class='ocrx_word' id='word_1_115' title='bbox 729 1942 769 1982; x_wconf 93' lang='lat' dir='ltr'>hi</span> <span class='ocrx_word' id='word_1_116' title='bbox 809 1942 1173 1994; x_wconf 81' lang='lat' dir='ltr'>praepositionum</span> <span class='ocrx_word' id='word_1_117' title='bbox 1204 1954 1328 1981; x_wconf 91' lang='lat' dir='ltr'>usum</span> <span class='ocrx_word' id='word_1_118' title='bbox 1362 1940 1447 1981; x_wconf 89' lang='lat' dir='ltr'>fere</span> <span class='ocrx_word' id='word_1_119' title='bbox 1480 1939 1653 1981; x_wconf 88' lang='lat' dir='ltr'>omnino</span> 
     </span>
     <span class='ocr_line' id='line_1_23' title="bbox 159 2012 376 2059; baseline 0.005 -12"><span class='ocrx_word' id='word_1_120' title='bbox 159 2012 376 2059; x_wconf 84' lang='lat' dir='ltr'>respuunt.</span> 
     </span>
    </p>
   </div>
   <div class='ocr_carea' id='block_1_11' title="bbox 156 2164 1655 2547">
    <p class='ocr_par' dir='ltr' id='par_1_11' title="bbox 159 2164 1655 2321">
     <span class='ocr_line' id='line_1_24' title="bbox 295 2164 1653 2208; baseline -0.001 -11"><span class='ocrx_word' id='word_1_121' title='bbox 295 2166 319 2206; x_wconf 82' lang='grc'>1)</span> <span class='ocrx_word' id='word_1_122' title='bbox 358 2165 418 2197; x_wconf 82' lang='lat' dir='ltr'>Cfr</span> <span class='ocrx_word' id='word_1_123' title='bbox 459 2165 640 2199; x_wconf 78' lang='lat' dir='ltr'>Deecke</span> <span class='ocrx_word' id='word_1_124' title='bbox 684 2166 724 2199; x_wconf 87' lang='lat' dir='ltr'>E.</span> <span class='ocrx_word' id='word_1_125' title='bbox 762 2177 795 2208; x_wconf 83' lang='lat' dir='ltr'>p.</span> <span class='ocrx_word' id='word_1_126' title='bbox 833 2167 898 2198; x_wconf 63' lang='lat'>325</span> <span class='ocrx_word' id='word_1_127' title='bbox 924 2170 943 2206; x_wconf 59' lang='grc' dir='ltr'>,ξ</span> <span class='ocrx_word' id='word_1_128' title='bbox 970 2166 1052 2198; x_wconf 74' lang='lat'>248:</span> <span class='ocrx_word' id='word_1_129' title='bbox 1090 2167 1146 2198; x_wconf 84' lang='lat' dir='ltr'>An</span> <span class='ocrx_word' id='word_1_130' title='bbox 1173 2166 1235 2198; x_wconf 84' lang='lat' dir='ltr'>der</span> <span class='ocrx_word' id='word_1_131' title='bbox 1260 2164 1511 2207; x_wconf 68' lang='lat' dir='ltr'>ursprunglieh</span> <span class='ocrx_word' id='word_1_132' title='bbox 1538 2167 1653 2197; x_wconf 66' lang='lat' dir='ltr'>ritum-</span> 
     </span>
     <span class='ocr_line' id='line_1_25' title="bbox 160 2220 1655 2265; baseline 0 -12"><span class='ocrx_word' id='word_1_133' title='bbox 160 2220 276 2254; x_wconf 79' lang='lat' dir='ltr'>lichen</span> <span class='ocrx_word' id='word_1_134' title='bbox 313 2221 526 2265; x_wconf 82' lang='lat' dir='ltr'>Bedeutung</span> <span class='ocrx_word' id='word_1_135' title='bbox 558 2221 618 2255; x_wconf 84' lang='lat' dir='ltr'>des</span> <span class='ocrx_word' id='word_1_136' title='bbox 647 2223 866 2264; x_wconf 68' lang='lat' dir='ltr'>Accusaffivs,</span> <span class='ocrx_word' id='word_1_137' title='bbox 892 2223 1060 2256; x_wconf 76' lang='lat' dir='ltr'>Ablativs</span> <span class='ocrx_word' id='word_1_138' title='bbox 1088 2222 1159 2256; x_wconf 83' lang='lat' dir='ltr'>und</span> <span class='ocrx_word' id='word_1_139' title='bbox 1184 2222 1357 2255; x_wconf 81' lang='lat' dir='ltr'>Lokativs</span> <span class='ocrx_word' id='word_1_140' title='bbox 1388 2221 1433 2254; x_wconf 88' lang='lat' dir='ltr'>im</span> <span class='ocrx_word' id='word_1_141' title='bbox 1460 2221 1567 2254; x_wconf 84' lang='lat' dir='ltr'>Sinne</span> <span class='ocrx_word' id='word_1_142' title='bbox 1593 2220 1655 2253; x_wconf 75' lang='lat' dir='ltr'>dei·</span> 
     </span>
     <span class='ocr_line' id='line_1_26' title="bbox 159 2277 1415 2321; baseline 0.001 -12"><span class='ocrx_word' id='word_1_143' title='bbox 159 2277 411 2320; x_wconf 82' lang='lat' dir='ltr'>angegebeuen</span> <span class='ocrx_word' id='word_1_144' title='bbox 438 2277 511 2310; x_wconf 81' lang='lat' dir='ltr'>drei</span> <span class='ocrx_word' id='word_1_145' title='bbox 538 2278 760 2312; x_wconf 74' lang='lat' dir='ltr'>raumlichen</span> <span class='ocrx_word' id='word_1_146' title='bbox 787 2279 1040 2321; x_wconf 76' lang='lat' dir='ltr'>Hauptfragcn</span> <span class='ocrx_word' id='word_1_147' title='bbox 1066 2278 1198 2312; x_wconf 74' lang='lat' dir='ltr'>zweifle</span> <span class='ocrx_word' id='word_1_148' title='bbox 1224 2278 1279 2311; x_wconf 74' lang='lat' dir='ltr'>ich</span> <span class='ocrx_word' id='word_1_149' title='bbox 1305 2278 1415 2311; x_wconf 84' lang='lat' dir='ltr'>nicht.</span> 
     </span>
    </p>

    <p class='ocr_par' dir='ltr' id='par_1_12' title="bbox 156 2333 1653 2547">
     <span class='ocr_line' id='line_1_27' title="bbox 294 2333 1652 2377; baseline -0.001 -10"><span class='ocrx_word' id='word_1_150' title='bbox 294 2334 320 2376; x_wconf 81' lang='lat'>²)</span> <span class='ocrx_word' id='word_1_151' title='bbox 354 2333 429 2367; x_wconf 84' lang='lat' dir='ltr'>Hoc</span> <span class='ocrx_word' id='word_1_152' title='bbox 454 2334 531 2367; x_wconf 86' lang='lat' dir='ltr'>loco</span> <span class='ocrx_word' id='word_1_153' title='bbox 558 2334 771 2368; x_wconf 86' lang='lat' dir='ltr'>monendum</span> <span class='ocrx_word' id='word_1_154' title='bbox 799 2339 853 2368; x_wconf 79' lang='lat' dir='ltr'>cst</span> <span class='ocrx_word' id='word_1_155' title='bbox 880 2336 913 2367; x_wconf 92' lang='lat' dir='ltr'>in</span> <span class='ocrx_word' id='word_1_156' title='bbox 940 2346 1083 2367; x_wconf 76' lang='lat' dir='ltr'>casuum</span> <span class='ocrx_word' id='word_1_157' title='bbox 1111 2345 1176 2368; x_wconf 84' lang='lat' dir='ltr'>usu</span> <span class='ocrx_word' id='word_1_158' title='bbox 1203 2346 1272 2368; x_wconf 86' lang='lat' dir='ltr'>non</span> <span class='ocrx_word' id='word_1_159' title='bbox 1298 2334 1411 2368; x_wconf 83' lang='lat' dir='ltr'>solum</span> <span class='ocrx_word' id='word_1_160' title='bbox 1438 2333 1652 2377; x_wconf 70' lang='lat' dir='ltr'>analogiam,</span> 
     </span>
     <span class='ocr_line' id='line_1_28' title="bbox 157 2390 1653 2434; baseline 0 -11"><span class='ocrx_word' id='word_1_161' title='bbox 157 2400 226 2432; x_wconf 83' lang='lat' dir='ltr'>qua</span> <span class='ocrx_word' id='word_1_162' title='bbox 254 2390 398 2423; x_wconf 80' lang='lat' dir='ltr'>vocibus</span> <span class='ocrx_word' id='word_1_163' title='bbox 425 2396 599 2434; x_wconf 72' lang='lat' dir='ltr'>cognatae</span> <span class='ocrx_word' id='word_1_164' title='bbox 625 2391 897 2434; x_wconf 73' lang='lat' dir='ltr'>significationis</span> <span class='ocrx_word' id='word_1_165' title='bbox 924 2391 1015 2424; x_wconf 86' lang='lat' dir='ltr'>idem</span> <span class='ocrx_word' id='word_1_166' title='bbox 1042 2392 1237 2433; x_wconf 81' lang='lat' dir='ltr'>apponitur</span> <span class='ocrx_word' id='word_1_167' title='bbox 1262 2401 1376 2433; x_wconf 77' lang='lat' dir='ltr'>casus,</span> <span class='ocrx_word' id='word_1_168' title='bbox 1403 2391 1553 2424; x_wconf 82' lang='lat' dir='ltr'>maximi</span> <span class='ocrx_word' id='word_1_169' title='bbox 1577 2400 1653 2423; x_wconf 81' lang='lat' dir='ltr'>esse</span> 
     </span>
     <span class='ocr_line' id='line_1_29' title="bbox 156 2447 1653 2490; baseline 0 -11"><span class='ocrx_word' id='word_1_170' title='bbox 156 2447 337 2487; x_wconf 56' lang='lat' dir='ltr'>momenti</span> <span class='ocrx_word' id='word_1_171' title='bbox 375 2457 495 2480; x_wconf 81' lang='lat' dir='ltr'>verum</span> <span class='ocrx_word' id='word_1_172' title='bbox 534 2448 642 2480; x_wconf 76' lang='lat' dir='ltr'>etiam</span> <span class='ocrx_word' id='word_1_173' title='bbox 680 2458 805 2481; x_wconf 85' lang='lat' dir='ltr'>vocum</span> <span class='ocrx_word' id='word_1_174' title='bbox 842 2447 1081 2481; x_wconf 77' lang='lat' dir='ltr'>differentiam</span> <span class='ocrx_word' id='word_1_175' title='bbox 1108 2458 1176 2480; x_wconf 87' lang='lat' dir='ltr'>non</span> <span class='ocrx_word' id='word_1_176' title='bbox 1203 2448 1292 2480; x_wconf 89' lang='lat' dir='ltr'>nihil</span> <span class='ocrx_word' id='word_1_177' title='bbox 1320 2447 1448 2490; x_wconf 63' lang='lat' dir='ltr'>valere7</span> <span class='ocrx_word' id='word_1_178' title='bbox 1475 2447 1534 2479; x_wconf 78' lang='lat' dir='ltr'>ubi</span> <span class='ocrx_word' id='word_1_179' title='bbox 1561 2447 1653 2479; x_wconf 76' lang='lat' dir='ltr'>voci-</span> 
     </span>
     <span class='ocr_line' id='line_1_30' title="bbox 158 2503 1398 2547; baseline 0.002 -14"><span class='ocrx_word' id='word_1_180' title='bbox 158 2503 221 2536; x_wconf 79' lang='lat' dir='ltr'>bus</span> <span class='ocrx_word' id='word_1_181' title='bbox 248 2503 510 2546; x_wconf 70' lang='lat' dir='ltr'>significatione</span> <span class='ocrx_word' id='word_1_182' title='bbox 537 2504 629 2537; x_wconf 73' lang='lat' dir='ltr'>inter</span> <span class='ocrx_word' id='word_1_183' title='bbox 654 2514 690 2537; x_wconf 84' lang='lat' dir='ltr'>se</span> <span class='ocrx_word' id='word_1_184' title='bbox 716 2505 906 2537; x_wconf 78' lang='lat' dir='ltr'>contrariis</span> <span class='ocrx_word' id='word_1_185' title='bbox 932 2514 1034 2537; x_wconf 76' lang='lat' dir='ltr'>casus</span> <span class='ocrx_word' id='word_1_186' title='bbox 1061 2504 1152 2537; x_wconf 86' lang='lat' dir='ltr'>idem</span> <span class='ocrx_word' id='word_1_187' title='bbox 1179 2504 1398 2547; x_wconf 79' lang='lat' dir='ltr'>adiungitur.</span> 
     </span>
    </p>
   </div>
  </div>
 </body>
</html>
