<?xml version="1.0" encoding="UTF-8"?>
<!DOCTYPE html PUBLIC "-//W3C//DTD XHTML 1.0 Transitional//EN"
    "http://www.w3.org/TR/xhtml1/DTD/xhtml1-transitional.dtd">
<html xmlns="http://www.w3.org/1999/xhtml" xml:lang="en" lang="en">
 <head>
  <title>
</title>
<meta http-equiv="Content-Type" content="text/html;charset=utf-8" />
  <meta name='ocr-system' content='tesseract 3.04.00' />
  <meta name='ocr-capabilities' content='ocr_page ocr_carea ocr_par ocr_line ocrx_word'/>
</head>
<body>
  <div class='ocr_page' id='page_1' title='image "./syntaxislucretia00holtuoft_0391.png"; bbox 0 0 1833 3048; ppageno 0'>
   <div class='ocr_carea' id='block_1_1' title="bbox 803 62 1094 99">
    <p class='ocr_par' dir='ltr' id='par_1_1' title="bbox 803 62 1094 99">
     <span class='ocr_line' id='line_1_1' title="bbox 803 62 1094 99; baseline 0.007 -11"><span class='ocrx_word' id='word_1_1' title='bbox 803 62 1094 99; x_wconf 71' lang='lat'><strong>-43-</strong></span> 
     </span>
    </p>
   </div>
   <div class='ocr_carea' id='block_1_2' title="bbox 165 173 1732 1781">
    <p class='ocr_par' dir='ltr' id='par_1_2' title="bbox 171 173 1732 577">
     <span class='ocr_line' id='line_1_2' title="bbox 290 173 1728 233; baseline -0.001 -12"><span class='ocrx_word' id='word_1_2' title='bbox 290 173 700 223; x_wconf 68' lang='lat' dir='ltr'><em>AccusatiVUS¹)</em></span> <span class='ocrx_word' id='word_1_3' title='bbox 755 175 832 217; x_wconf 84' lang='lat' dir='ltr'><em>III</em></span> <span class='ocrx_word' id='word_1_4' title='bbox 880 179 973 228; x_wconf 89' lang='grc'>10,1</span> <span class='ocrx_word' id='word_1_5' title='bbox 1026 178 1097 221; x_wconf 80' lang='lat' dir='ltr'><em>ubi</em></span> <span class='ocrx_word' id='word_1_6' title='bbox 1138 192 1309 222; x_wconf 87' lang='lat' dir='ltr'><em>anseres</em></span> <span class='ocrx_word' id='word_1_7' title='bbox 1350 178 1533 223; x_wconf 85' lang='lat' dir='ltr'><em>aluntur</em></span> <span class='ocrx_word' id='word_1_8' title='bbox 1576 178 1654 233; x_wconf 88' lang='lat' dir='ltr'><em>(id)</em></span> <span class='ocrx_word' id='word_1_9' title='bbox 1685 211 1728 219; x_wconf 95' lang='lat'><em>..</em></span> 
     </span>
     <span class='ocr_line' id='line_1_3' title="bbox 173 244 1730 304; baseline 0.003 -18"><span class='ocrx_word' id='word_1_10' title='bbox 173 244 471 288; x_wconf 78' lang='lat' dir='ltr'><em>clienoboseion</em></span> <span class='ocrx_word' id='word_1_11' title='bbox 513 246 734 300; x_wconf 79' lang='lat' dir='ltr'><em>appellatis</em></span> <span class='ocrx_word' id='word_1_12' title='bbox 745 259 762 299; x_wconf 84' lang='lat'><em>;</em></span> <span class='ocrx_word' id='word_1_13' title='bbox 799 244 868 289; x_wconf 91' lang='lat' dir='ltr'><em>VI</em></span> <span class='ocrx_word' id='word_1_14' title='bbox 901 249 951 286; x_wconf 86' lang='grc'><em>71</em></span> <span class='ocrx_word' id='word_1_15' title='bbox 987 246 1073 300; x_wconf 74' lang='lat' dir='ltr'><em>Qui</em></span> <span class='ocrx_word' id='word_1_16' title='bbox 1109 249 1389 303; x_wconf 76' lang='lat' dir='ltr'><em>spoponderat</em></span> <span class='ocrx_word' id='word_1_17' title='bbox 1424 249 1571 304; x_wconf 81' lang='lat' dir='ltr'><em>filiam</em></span> <span class='ocrx_word' id='word_1_18' title='bbox 1600 248 1730 304; x_wconf 89' lang='lat' dir='ltr'><em>(eum)</em></span> 
     </span>
     <span class='ocr_line' id='line_1_4' title="bbox 172 315 1731 372; baseline 0.005 -16"><span class='ocrx_word' id='word_1_19' title='bbox 172 315 441 369; x_wconf 78' lang='lat' dir='ltr'><em>despondisse</em></span> <span class='ocrx_word' id='word_1_20' title='bbox 461 315 652 359; x_wconf 82' lang='lat' dir='ltr'><em>dicebant</em></span> <span class='ocrx_word' id='word_1_21' title='bbox 662 330 678 368; x_wconf 78' lang='lat'><em>,·</em></span> <span class='ocrx_word' id='word_1_22' title='bbox 708 315 785 357; x_wconf 94' lang='lat' dir='ltr'><em>IX</em></span> <span class='ocrx_word' id='word_1_23' title='bbox 808 318 861 355; x_wconf 86' lang='lat'><em>48</em></span> <span class='ocrx_word' id='word_1_24' title='bbox 887 315 1006 371; x_wconf 83' lang='lat' dir='ltr'><em>Cum,</em></span> <span class='ocrx_word' id='word_1_25' title='bbox 1039 318 1195 372; x_wconf 81' lang='lat' dir='ltr'><em>inquit,</em></span> <span class='ocrx_word' id='word_1_26' title='bbox 1224 319 1426 362; x_wconf 75' lang='lat' dir='ltr'><em>utilitatis</em></span> <span class='ocrx_word' id='word_1_27' title='bbox 1447 334 1576 364; x_wconf 87' lang='lat' dir='ltr'><em>eausa</em></span> <span class='ocrx_word' id='word_1_28' title='bbox 1597 320 1731 364; x_wconf 86' lang='lat' dir='ltr'><em>intro-</em></span> 
     </span>
     <span class='ocr_line' id='line_1_5' title="bbox 171 386 1732 442; baseline 0.004 -15"><span class='ocrx_word' id='word_1_29' title='bbox 171 386 298 428; x_wconf 82' lang='lat' dir='ltr'><em>ducta</em></span> <span class='ocrx_word' id='word_1_30' title='bbox 342 386 399 429; x_wconf 87' lang='lat' dir='ltr'><em>sit</em></span> <span class='ocrx_word' id='word_1_31' title='bbox 439 386 594 433; x_wconf 88' lang='lat' dir='ltr'><em>oratio,</em></span> <span class='ocrx_word' id='word_1_32' title='bbox 638 387 897 439; x_wconf 80' lang='lat' dir='ltr'><em>sequendum</em></span> <span class='ocrx_word' id='word_1_33' title='bbox 939 400 1030 431; x_wconf 90' lang='lat' dir='ltr'><em>non</em></span> <span class='ocrx_word' id='word_1_34' title='bbox 1071 402 1177 442; x_wconf 79' lang='lat' dir='ltr'><em>quae</em></span> <span class='ocrx_word' id='word_1_35' title='bbox 1218 389 1377 433; x_wconf 81' lang='lat' dir='ltr'><em>habebit</em></span> <span class='ocrx_word' id='word_1_36' title='bbox 1407 391 1732 434; x_wconf 79' lang='lat' dir='ltr'><em>similitudinem</em></span> 
     </span>
     <span class='ocr_line' id='line_1_6' title="bbox 177 454 1731 513; baseline 0.004 -16"><span class='ocrx_word' id='word_1_37' title='bbox 177 456 248 498; x_wconf 88' lang='lat' dir='ltr'><em>sed</em></span> <span class='ocrx_word' id='word_1_38' title='bbox 278 467 385 506; x_wconf 80' lang='lat' dir='ltr'><em>quae</em></span> <span class='ocrx_word' id='word_1_39' title='bbox 415 456 666 509; x_wconf 84' lang='lat' dir='ltr'><em>utilitatem;</em></span> <span class='ocrx_word' id='word_1_40' title='bbox 706 454 813 497; x_wconf 83' lang='lat' dir='ltr'><em>item</em></span> <span class='ocrx_word' id='word_1_41' title='bbox 844 455 895 498; x_wconf 88' lang='lat' dir='ltr'>H</span> <span class='ocrx_word' id='word_1_42' title='bbox 925 455 1060 509; x_wconf 82' lang='lat' dir='ltr'><em>praef.</em></span> <span class='ocrx_word' id='word_1_43' title='bbox 1099 461 1142 510; x_wconf 84' lang='lat'><em>13</em></span> <span class='ocrx_word' id='word_1_44' title='bbox 1185 457 1261 500; x_wconf 88' lang='grc' dir='ltr'><em>ΠΙ</em></span> <span class='ocrx_word' id='word_1_45' title='bbox 1296 462 1382 512; x_wconf 81' lang='lat'>1‚5;</span> <span class='ocrx_word' id='word_1_46' title='bbox 1424 459 1501 501; x_wconf 90' lang='lat' dir='ltr'><em>III</em></span> <span class='ocrx_word' id='word_1_47' title='bbox 1535 463 1622 513; x_wconf 78' lang='lat'><strong>9‚8;</strong></span> <span class='ocrx_word' id='word_1_48' title='bbox 1656 460 1731 502; x_wconf 93' lang='lat' dir='ltr'><em>III</em></span> 
     </span>
     <span class='ocr_line' id='line_1_7' title="bbox 181 524 800 577; baseline 0.003 -14"><span class='ocrx_word' id='word_1_49' title='bbox 181 528 298 577; x_wconf 79' lang='lat'><strong>16,6;</strong></span> <span class='ocrx_word' id='word_1_50' title='bbox 331 524 400 569; x_wconf 86' lang='lat' dir='ltr'><em>VI</em></span> <span class='ocrx_word' id='word_1_51' title='bbox 435 527 511 577; x_wconf 80' lang='lat'><em>783</em></span> <span class='ocrx_word' id='word_1_52' title='bbox 544 524 620 567; x_wconf 88' lang='lat' dir='ltr'><em>IX</em></span> <span class='ocrx_word' id='word_1_53' title='bbox 653 529 697 577; x_wconf 84' lang='lat'><em>83</em></span> <span class='ocrx_word' id='word_1_54' title='bbox 735 529 800 566; x_wconf 88' lang='lat'><em>18.</em></span> 
     </span>
    </p>

    <p class='ocr_par' dir='ltr' id='par_1_3' title="bbox 168 593 1730 938">
     <span class='ocr_line' id='line_1_8' title="bbox 287 593 1730 654; baseline 0.006 -18"><span class='ocrx_word' id='word_1_55' title='bbox 287 593 331 636; x_wconf 91' lang='lat' dir='ltr'>A</span> <span class='ocrx_word' id='word_1_56' title='bbox 341 594 391 636; x_wconf 94' lang='lat' dir='ltr'><em>bl</em></span> <span class='ocrx_word' id='word_1_57' title='bbox 402 594 551 638; x_wconf 88' lang='lat' dir='ltr'><em>ativu</em></span> <span class='ocrx_word' id='word_1_58' title='bbox 561 606 581 636; x_wconf 89' lang='lat' dir='ltr'><em>s</em></span> <span class='ocrx_word' id='word_1_59' title='bbox 594 595 618 636; x_wconf 93' lang='lat' dir='ltr'>I</span> <span class='ocrx_word' id='word_1_60' title='bbox 632 599 729 648; x_wconf 86' lang='lat'><strong>59,2</strong></span> <span class='ocrx_word' id='word_1_61' title='bbox 742 611 820 640; x_wconf 87' lang='lat' dir='ltr'><em>eur</em></span> <span class='ocrx_word' id='word_1_62' title='bbox 836 611 925 641; x_wconf 90' lang='lat' dir='ltr'><em>non</em></span> <span class='ocrx_word' id='word_1_63' title='bbox 938 599 1046 653; x_wconf 80' lang='lat' dir='ltr'><em>quod</em></span> <span class='ocrx_word' id='word_1_64' title='bbox 1057 603 1218 642; x_wconf 88' lang='lat' dir='ltr'><em>natura</em></span> <span class='ocrx_word' id='word_1_65' title='bbox 1239 600 1385 643; x_wconf 86' lang='lat' dir='ltr'><em>datum</em></span> <span class='ocrx_word' id='word_1_66' title='bbox 1404 605 1608 645; x_wconf 87' lang='lat' dir='ltr'><em>utantur.</em></span> <span class='ocrx_word' id='word_1_67' title='bbox 1625 601 1666 644; x_wconf 74' lang='lat'><em>..2</em></span> <span class='ocrx_word' id='word_1_68' title='bbox 1677 598 1730 654; x_wconf 77' lang='lat'><em>2);</em></span> 
     </span>
     <span class='ocr_line' id='line_1_9' title="bbox 169 665 1728 726; baseline 0.005 -19"><span class='ocrx_word' id='word_1_69' title='bbox 169 665 245 707; x_wconf 88' lang='lat' dir='ltr'><em>III</em></span> <span class='ocrx_word' id='word_1_70' title='bbox 286 669 384 717; x_wconf 84' lang='lat'>16,8</span> <span class='ocrx_word' id='word_1_71' title='bbox 419 671 622 721; x_wconf 78' lang='lat' dir='ltr'><em>optarant</em></span> <span class='ocrx_word' id='word_1_72' title='bbox 653 669 799 711; x_wconf 87' lang='lat' dir='ltr'><em>omnia</em></span> <span class='ocrx_word' id='word_1_73' title='bbox 831 700 840 709; x_wconf 94' lang='lat'><strong>.</strong></span> <span class='ocrx_word' id='word_1_74' title='bbox 866 701 874 711; x_wconf 88' lang='lat'><strong>.</strong></span> <span class='ocrx_word' id='word_1_75' title='bbox 901 699 908 707; x_wconf 97' lang='lat'>.</span> <span class='ocrx_word' id='word_1_76' title='bbox 939 683 1067 723; x_wconf 79' lang='lat' dir='ltr'><em>quam</em></span> <span class='ocrx_word' id='word_1_77' title='bbox 1089 670 1303 715; x_wconf 75' lang='lat' dir='ltr'><em>erithaoen</em></span> <span class='ocrx_word' id='word_1_78' title='bbox 1324 672 1538 726; x_wconf 78' lang='lat' dir='ltr'><em>appellant</em></span> <span class='ocrx_word' id='word_1_79' title='bbox 1559 671 1711 716; x_wconf 76' lang='lat' dir='ltr'><em>Graeci</em></span> <span class='ocrx_word' id='word_1_80' title='bbox 1719 686 1728 723; x_wconf 86' lang='lat'><em>3</em></span> 
     </span>
     <span class='ocr_line' id='line_1_10' title="bbox 173 734 1729 791; baseline 0.004 -14"><span class='ocrx_word' id='word_1_81' title='bbox 173 734 280 777; x_wconf 85' lang='lat' dir='ltr'><em>item</em></span> <span class='ocrx_word' id='word_1_82' title='bbox 314 735 403 786; x_wconf 90' lang='lat' dir='ltr'><em>(ubi</em></span> <span class='ocrx_word' id='word_1_83' title='bbox 435 739 585 779; x_wconf 88' lang='lat' dir='ltr'><em>tamen</em></span> <span class='ocrx_word' id='word_1_84' title='bbox 606 739 786 790; x_wconf 88' lang='lat' dir='ltr'><em>propter</em></span> <span class='ocrx_word' id='word_1_85' title='bbox 806 737 1049 781; x_wconf 83' lang='lat' dir='ltr'><em>ablativum</em></span> <span class='ocrx_word' id='word_1_86' title='bbox 1072 738 1336 791; x_wconf 85' lang='lat' dir='ltr'><em>pronominis</em></span> <span class='ocrx_word' id='word_1_87' title='bbox 1357 740 1536 784; x_wconf 85' lang='lat' dir='ltr'><em>relativi</em></span> <span class='ocrx_word' id='word_1_88' title='bbox 1557 740 1729 783; x_wconf 81' lang='lat' dir='ltr'><em>facilius</em></span> 
     </span>
     <span class='ocr_line' id='line_1_11' title="bbox 168 804 1730 862; baseline 0.006 -15"><span class='ocrx_word' id='word_1_89' title='bbox 168 804 283 848; x_wconf 88' lang='lat' dir='ltr'><em>idem</em></span> <span class='ocrx_word' id='word_1_90' title='bbox 331 817 460 849; x_wconf 88' lang='lat' dir='ltr'><em>casus</em></span> <span class='ocrx_word' id='word_1_91' title='bbox 499 806 790 862; x_wconf 87' lang='lat' dir='ltr'><em>intellegitur)</em></span> <span class='ocrx_word' id='word_1_92' title='bbox 830 808 949 852; x_wconf 88' lang='lat' dir='ltr'>VIII</span> <span class='ocrx_word' id='word_1_93' title='bbox 989 812 1011 848; x_wconf 89' lang='grc'>6</span> <span class='ocrx_word' id='word_1_94' title='bbox 1053 809 1148 862; x_wconf 78' lang='lat' dir='ltr'><em>Qua</em></span> <span class='ocrx_word' id='word_1_95' title='bbox 1189 811 1304 854; x_wconf 85' lang='lat' dir='ltr'><em>enim</em></span> <span class='ocrx_word' id='word_1_96' title='bbox 1343 812 1511 856; x_wconf 86' lang='lat' dir='ltr'><em>ratione</em></span> <span class='ocrx_word' id='word_1_97' title='bbox 1551 813 1602 856; x_wconf 87' lang='lat' dir='ltr'><em>in</em></span> <span class='ocrx_word' id='word_1_98' title='bbox 1641 826 1730 856; x_wconf 87' lang='lat' dir='ltr'><em>uno</em></span> 
     </span>
     <span class='ocr_line' id='line_1_12' title="bbox 169 878 1727 938; baseline 0.004 -18"><span class='ocrx_word' id='word_1_99' title='bbox 169 878 289 921; x_wconf 82' lang='lat' dir='ltr'><em>verbo</em></span> <span class='ocrx_word' id='word_1_100' title='bbox 314 878 528 921; x_wconf 79' lang='lat' dir='ltr'><em>declinare</em></span> <span class='ocrx_word' id='word_1_101' title='bbox 549 879 759 933; x_wconf 79' lang='lat' dir='ltr'><em>didiceris,</em></span> <span class='ocrx_word' id='word_1_102' title='bbox 782 880 832 922; x_wconf 87' lang='lat' dir='ltr'><em>in</em></span> <span class='ocrx_word' id='word_1_103' title='bbox 852 879 1031 934; x_wconf 75' lang='lat' dir='ltr'><em>infinito</em></span> <span class='ocrx_word' id='word_1_104' title='bbox 1052 894 1230 924; x_wconf 90' lang='lat' dir='ltr'><em>numero</em></span> <span class='ocrx_word' id='word_1_105' title='bbox 1250 882 1476 926; x_wconf 79' lang='lat' dir='ltr'><em>nominum</em></span> <span class='ocrx_word' id='word_1_106' title='bbox 1496 883 1563 926; x_wconf 85' lang='lat' dir='ltr'><em>uti</em></span> <span class='ocrx_word' id='word_1_107' title='bbox 1580 883 1727 938; x_wconf 89' lang='lat' dir='ltr'><em>possis.</em></span> 
     </span>
    </p>

    <p class='ocr_par' dir='ltr' id='par_1_4' title="bbox 165 946 1729 1485">
     <span class='ocr_line' id='line_1_13' title="bbox 286 946 1727 1002; baseline 0.003 -13"><span class='ocrx_word' id='word_1_108' title='bbox 286 946 607 1000; x_wconf 88' lang='lat' dir='ltr'><em>Nonnunquam</em></span> <span class='ocrx_word' id='word_1_109' title='bbox 639 948 712 992; x_wconf 86' lang='lat' dir='ltr'><em>vel</em></span> <span class='ocrx_word' id='word_1_110' title='bbox 733 951 826 990; x_wconf 84' lang='lat' dir='ltr'><em>tum</em></span> <span class='ocrx_word' id='word_1_111' title='bbox 847 949 960 992; x_wconf 88' lang='lat' dir='ltr'><em>nude</em></span> <span class='ocrx_word' id='word_1_112' title='bbox 981 949 1159 1002; x_wconf 88' lang='lat' dir='ltr'><em>ponitur</em></span> <span class='ocrx_word' id='word_1_113' title='bbox 1180 950 1455 995; x_wconf 88' lang='lat' dir='ltr'><em>enuntiatum</em></span> <span class='ocrx_word' id='word_1_114' title='bbox 1478 952 1727 1000; x_wconf 87' lang='lat' dir='ltr'><em>relativum,</em></span> 
     </span>
     <span class='ocr_line' id='line_1_14' title="bbox 172 1016 1729 1076; baseline 0.004 -17"><span class='ocrx_word' id='word_1_115' title='bbox 172 1016 210 1059; x_wconf 92' lang='lat' dir='ltr'><em>si</em></span> <span class='ocrx_word' id='word_1_116' title='bbox 251 1016 318 1059; x_wconf 90' lang='lat' dir='ltr'><em>ita</em></span> <span class='ocrx_word' id='word_1_117' title='bbox 360 1020 535 1061; x_wconf 82' lang='lat' dir='ltr'><em>tantum</em></span> <span class='ocrx_word' id='word_1_118' title='bbox 579 1030 674 1061; x_wconf 93' lang='lat' dir='ltr'><em>cum</em></span> <span class='ocrx_word' id='word_1_119' title='bbox 716 1018 1012 1072; x_wconf 83' lang='lat' dir='ltr'><em>propositione</em></span> <span class='ocrx_word' id='word_1_120' title='bbox 1055 1019 1275 1073; x_wconf 80' lang='lat' dir='ltr'><em>superiore</em></span> <span class='ocrx_word' id='word_1_121' title='bbox 1313 1021 1547 1064; x_wconf 87' lang='lat' dir='ltr'><em>cohaerere</em></span> <span class='ocrx_word' id='word_1_122' title='bbox 1579 1025 1729 1076; x_wconf 87' lang='lat' dir='ltr'><em>potest</em></span> 
     </span>
     <span class='ocr_line' id='line_1_15' title="bbox 169 1087 1723 1147; baseline 0.002 -17"><span class='ocrx_word' id='word_1_123' title='bbox 169 1090 220 1130; x_wconf 92' lang='lat' dir='ltr'><em>ut</em></span> <span class='ocrx_word' id='word_1_124' title='bbox 265 1100 318 1130; x_wconf 85' lang='lat' dir='ltr'><em>ex</em></span> <span class='ocrx_word' id='word_1_125' title='bbox 360 1087 684 1142; x_wconf 83' lang='lat' dir='ltr'><em>praepositione</em></span> <span class='ocrx_word' id='word_1_126' title='bbox 732 1089 921 1143; x_wconf 88' lang='lat' dir='ltr'><em>pendere</em></span> <span class='ocrx_word' id='word_1_127' title='bbox 962 1090 1202 1143; x_wconf 87' lang='lat' dir='ltr'><em>putandum</em></span> <span class='ocrx_word' id='word_1_128' title='bbox 1244 1090 1322 1145; x_wconf 81' lang='lat' dir='ltr'><em>sit3</em></span> <span class='ocrx_word' id='word_1_129' title='bbox 1365 1092 1488 1136; x_wconf 88' lang='lat' dir='ltr'><em>velut</em></span> <span class='ocrx_word' id='word_1_130' title='bbox 1519 1093 1597 1135; x_wconf 90' lang='lat' dir='ltr'><em>III</em></span> <span class='ocrx_word' id='word_1_131' title='bbox 1632 1096 1723 1147; x_wconf 86' lang='lat'>13‚1</span> 
     </span>
     <span class='ocr_line' id='line_1_16' title="bbox 173 1156 1728 1220; baseline 0.003 -17"><span class='ocrx_word' id='word_1_132' title='bbox 173 1156 304 1209; x_wconf 83' lang='lat' dir='ltr'><em>Quem</em></span> <span class='ocrx_word' id='word_1_133' title='bbox 335 1161 524 1216; x_wconf 83' lang='lat' dir='ltr'><em>fundum</em></span> <span class='ocrx_word' id='word_1_134' title='bbox 546 1194 553 1202; x_wconf 95' lang='lat'><em>.</em></span> <span class='ocrx_word' id='word_1_135' title='bbox 579 1194 587 1203; x_wconf 91' lang='lat'><strong>.</strong></span> <span class='ocrx_word' id='word_1_136' title='bbox 611 1161 711 1204; x_wconf 86' lang='lat' dir='ltr'><em>emit</em></span> <span class='ocrx_word' id='word_1_137' title='bbox 740 1161 810 1204; x_wconf 80' lang='lat' dir='ltr'><em>hie</em></span> <span class='ocrx_word' id='word_1_138' title='bbox 839 1161 973 1205; x_wconf 91' lang='lat' dir='ltr'><em>Varro</em></span> <span class='ocrx_word' id='word_1_139' title='bbox 996 1195 1004 1205; x_wconf 92' lang='lat'>.</span> <span class='ocrx_word' id='word_1_140' title='bbox 1031 1195 1054 1216; x_wconf 83' lang='lat'><em>.,</em></span> <span class='ocrx_word' id='word_1_141' title='bbox 1077 1162 1224 1206; x_wconf 82' lang='lat' dir='ltr'><em>vidisti</em></span> <span class='ocrx_word' id='word_1_142' title='bbox 1247 1194 1256 1204; x_wconf 93' lang='lat'><em>.</em></span> <span class='ocrx_word' id='word_1_143' title='bbox 1282 1196 1290 1206; x_wconf 95' lang='lat'>.</span> <span class='ocrx_word' id='word_1_144' title='bbox 1316 1197 1325 1206; x_wconf 90' lang='lat'>.</span> <span class='ocrx_word' id='word_1_145' title='bbox 1349 1178 1475 1219; x_wconf 88' lang='lat' dir='ltr'><em>apros</em></span> <span class='ocrx_word' id='word_1_146' title='bbox 1496 1168 1534 1208; x_wconf 84' lang='lat' dir='ltr'><em>et</em></span> <span class='ocrx_word' id='word_1_147' title='bbox 1555 1179 1728 1220; x_wconf 80' lang='lat' dir='ltr'><em>capreas</em></span> 
     </span>
     <span class='ocr_line' id='line_1_17' title="bbox 168 1230 1726 1290; baseline 0.003 -17"><span class='ocrx_word' id='word_1_148' title='bbox 168 1231 392 1274; x_wconf 77' lang='lat' dir='ltr'><em>convenire</em></span> <span class='ocrx_word' id='word_1_149' title='bbox 437 1232 493 1274; x_wconf 90' lang='lat' dir='ltr'><em>ad</em></span> <span class='ocrx_word' id='word_1_150' title='bbox 530 1231 761 1285; x_wconf 55' lang='lat' dir='ltr'><em>praalum,-</em></span> <span class='ocrx_word' id='word_1_151' title='bbox 805 1230 875 1275; x_wconf 92' lang='lat' dir='ltr'><em>VI</em></span> <span class='ocrx_word' id='word_1_152' title='bbox 920 1233 971 1271; x_wconf 85' lang='grc'><em>12</em></span> <span class='ocrx_word' id='word_1_153' title='bbox 1014 1232 1222 1276; x_wconf 75' lang='lat' dir='ltr'><em>Naturali</em></span> <span class='ocrx_word' id='word_1_154' title='bbox 1268 1234 1513 1278; x_wconf 78' lang='lat' dir='ltr'><em>discrimini</em></span> <span class='ocrx_word' id='word_1_155' title='bbox 1555 1231 1638 1290; x_wconf 86' lang='lat' dir='ltr'><em>[sic</em></span> <span class='ocrx_word' id='word_1_156' title='bbox 1674 1233 1726 1278; x_wconf 91' lang='lat' dir='ltr'><em>L.</em></span> 
     </span>
     <span class='ocr_line' id='line_1_18' title="bbox 174 1297 1729 1361; baseline 0.005 -19"><span class='ocrx_word' id='word_1_157' title='bbox 174 1297 383 1356; x_wconf 85' lang='lat' dir='ltr'><em>Spengel]</em></span> <span class='ocrx_word' id='word_1_158' title='bbox 432 1302 576 1345; x_wconf 78' lang='lat' dir='ltr'><em>civilia</em></span> <span class='ocrx_word' id='word_1_159' title='bbox 625 1301 824 1345; x_wconf 80' lang='lat' dir='ltr'><em>voeabula</em></span> <span class='ocrx_word' id='word_1_160' title='bbox 864 1302 1031 1346; x_wconf 87' lang='lat' dir='ltr'><em>dierum</em></span> <span class='ocrx_word' id='word_1_161' title='bbox 1073 1309 1348 1348; x_wconf 79' lang='lat' dir='ltr'><em>accesserunt.</em></span> <span class='ocrx_word' id='word_1_162' title='bbox 1411 1305 1567 1349; x_wconf 78' lang='lat' dir='ltr'><em>Dicam</em></span> <span class='ocrx_word' id='word_1_163' title='bbox 1599 1306 1729 1361; x_wconf 84' lang='lat' dir='ltr'><em>prius</em></span> 
     </span>
     <span class='ocr_line' id='line_1_19' title="bbox 169 1368 1728 1428; baseline 0.006 -18"><span class='ocrx_word' id='word_1_164' title='bbox 169 1368 243 1425; x_wconf 91' lang='lat' dir='ltr'><em>(de</em></span> <span class='ocrx_word' id='word_1_165' title='bbox 287 1369 351 1412; x_wconf 88' lang='lat' dir='ltr'><em>eis</em></span> <span class='ocrx_word' id='word_1_166' title='bbox 393 1369 566 1426; x_wconf 85' lang='lat' dir='ltr'><em>diebus)</em></span> <span class='ocrx_word' id='word_1_167' title='bbox 609 1373 683 1425; x_wconf 80' lang='lat' dir='ltr'><em>qui</em></span> <span class='ocrx_word' id='word_1_168' title='bbox 724 1373 898 1416; x_wconf 89' lang='lat' dir='ltr'><em>deorum</em></span> <span class='ocrx_word' id='word_1_169' title='bbox 939 1387 1080 1428; x_wconf 83' lang='lat' dir='ltr'><em>causa,</em></span> <span class='ocrx_word' id='word_1_170' title='bbox 1122 1378 1213 1418; x_wconf 90' lang='lat' dir='ltr'><em>tum</em></span> <span class='ocrx_word' id='word_1_171' title='bbox 1254 1376 1327 1428; x_wconf 80' lang='lat' dir='ltr'><em>qui</em></span> <span class='ocrx_word' id='word_1_172' title='bbox 1369 1375 1589 1420; x_wconf 80' lang='lat' dir='ltr'><em>hominum</em></span> <span class='ocrx_word' id='word_1_173' title='bbox 1625 1381 1728 1420; x_wconf 87' lang='lat' dir='ltr'><em>sunt</em></span> 
     </span>
     <span class='ocr_line' id='line_1_20' title="bbox 165 1442 370 1485; baseline 0 -1"><span class='ocrx_word' id='word_1_174' title='bbox 165 1442 370 1485; x_wconf 82' lang='lat' dir='ltr'><em>instituti.</em></span> 
     </span>
    </p>

    <p class='ocr_par' dir='ltr' id='par_1_5' title="bbox 166 1511 1725 1781">
     <span class='ocr_line' id='line_1_21' title="bbox 287 1511 1724 1571; baseline 0.004 -17"><span class='ocrx_word' id='word_1_175' title='bbox 287 1511 375 1554; x_wconf 87' lang='lat' dir='ltr'><em>His</em></span> <span class='ocrx_word' id='word_1_176' title='bbox 407 1523 513 1565; x_wconf 93' lang='lat' dir='ltr'><em>quos</em></span> <span class='ocrx_word' id='word_1_177' title='bbox 545 1512 687 1555; x_wconf 87' lang='lat' dir='ltr'><em>adhuc</em></span> <span class='ocrx_word' id='word_1_178' title='bbox 718 1512 881 1566; x_wconf 87' lang='lat' dir='ltr'><em>protuli</em></span> <span class='ocrx_word' id='word_1_179' title='bbox 913 1513 1020 1556; x_wconf 89' lang='lat' dir='ltr'><em>locis</em></span> <span class='ocrx_word' id='word_1_180' title='bbox 1042 1513 1251 1557; x_wconf 85' lang='lat' dir='ltr'><em>facillimo</em></span> <span class='ocrx_word' id='word_1_181' title='bbox 1273 1515 1523 1568; x_wconf 88' lang='lat' dir='ltr'><em>plerumque</em></span> <span class='ocrx_word' id='word_1_182' title='bbox 1545 1515 1724 1571; x_wconf 86' lang='lat' dir='ltr'><em>negotio</em></span> 
     </span>
     <span class='ocr_line' id='line_1_22' title="bbox 166 1583 1725 1639; baseline 0.004 -15"><span class='ocrx_word' id='word_1_183' title='bbox 166 1593 400 1636; x_wconf 90' lang='lat' dir='ltr'><em>pronomen</em></span> <span class='ocrx_word' id='word_1_184' title='bbox 439 1583 631 1636; x_wconf 89' lang='lat' dir='ltr'><em>suppleri</em></span> <span class='ocrx_word' id='word_1_185' title='bbox 668 1586 846 1636; x_wconf 88' lang='lat' dir='ltr'><em>poterat</em></span> <span class='ocrx_word' id='word_1_186' title='bbox 885 1583 941 1626; x_wconf 88' lang='lat' dir='ltr'><em>ad</em></span> <span class='ocrx_word' id='word_1_187' title='bbox 978 1586 1101 1626; x_wconf 90' lang='lat' dir='ltr'><em>recte</em></span> <span class='ocrx_word' id='word_1_188' title='bbox 1132 1584 1464 1639; x_wconf 87' lang='lat' dir='ltr'><em>intelligendum</em></span> <span class='ocrx_word' id='word_1_189' title='bbox 1498 1587 1725 1630; x_wconf 86' lang='lat' dir='ltr'><em>verborum</em></span> 
     </span>
     <span class='ocr_line' id='line_1_23' title="bbox 168 1653 1725 1708; baseline 0.003 -13"><span class='ocrx_word' id='word_1_190' title='bbox 168 1665 395 1706; x_wconf 86' lang='lat' dir='ltr'><em>conexum;</em></span> <span class='ocrx_word' id='word_1_191' title='bbox 419 1653 614 1696; x_wconf 82' lang='lat' dir='ltr'><em>nonnulli</em></span> <span class='ocrx_word' id='word_1_192' title='bbox 636 1657 783 1696; x_wconf 87' lang='lat' dir='ltr'><em>autem</em></span> <span class='ocrx_word' id='word_1_193' title='bbox 804 1657 993 1708; x_wconf 78' lang='lat' dir='ltr'><em>restant,</em></span> <span class='ocrx_word' id='word_1_194' title='bbox 1017 1654 1172 1707; x_wconf 89' lang='lat' dir='ltr'><em>quibus</em></span> <span class='ocrx_word' id='word_1_195' title='bbox 1195 1655 1471 1699; x_wconf 87' lang='lat' dir='ltr'><em>enuntiatum</em></span> <span class='ocrx_word' id='word_1_196' title='bbox 1489 1657 1725 1701; x_wconf 86' lang='lat' dir='ltr'><em>relativum</em></span> 
     </span>
     <span class='ocr_line' id='line_1_24' title="bbox 170 1724 1724 1781; baseline 0.003 -15"><span class='ocrx_word' id='word_1_197' title='bbox 170 1735 225 1766; x_wconf 84' lang='lat' dir='ltr'><em>ex</em></span> <span class='ocrx_word' id='word_1_198' title='bbox 257 1726 500 1767; x_wconf 86' lang='lat' dir='ltr'><em>ceterorum</em></span> <span class='ocrx_word' id='word_1_199' title='bbox 532 1724 761 1768; x_wconf 91' lang='lat' dir='ltr'><em>verborum</em></span> <span class='ocrx_word' id='word_1_200' title='bbox 793 1727 1018 1768; x_wconf 85' lang='lat' dir='ltr'><em>structura</em></span> <span class='ocrx_word' id='word_1_201' title='bbox 1041 1725 1168 1779; x_wconf 88' lang='lat' dir='ltr'><em>quasi</em></span> <span class='ocrx_word' id='word_1_202' title='bbox 1190 1726 1390 1769; x_wconf 84' lang='lat' dir='ltr'><em>excidere</em></span> <span class='ocrx_word' id='word_1_203' title='bbox 1412 1726 1597 1781; x_wconf 85' lang='lat' dir='ltr'><em>videtur,</em></span> <span class='ocrx_word' id='word_1_204' title='bbox 1633 1727 1724 1780; x_wconf 93' lang='lat' dir='ltr'><em>qui-</em></span> 
     </span>
    </p>
   </div>
   <div class='ocr_carea' id='block_1_3' title="bbox 261 1819 448 1823">
    <p class='ocr_par' dir='ltr' id='par_1_6' title="bbox 261 1819 448 1823">
     <span class='ocr_line' id='line_1_25' title="bbox 261 1819 448 1823; baseline 0 0"><span class='ocrx_word' id='word_1_205' title='bbox 261 1819 448 1823; x_wconf 95' lang='lat' dir='ltr'><em> </em></span> 
     </span>
    </p>
   </div>
   <div class='ocr_carea' id='block_1_4' title="bbox 159 1863 1724 2906">
    <p class='ocr_par' dir='ltr' id='par_1_7' title="bbox 162 1863 1724 2134">
     <span class='ocr_line' id='line_1_26' title="bbox 286 1863 1724 1910; baseline 0.003 -11"><span class='ocrx_word' id='word_1_206' title='bbox 286 1864 314 1909; x_wconf 80' lang='lat'><em>1)</em></span> <span class='ocrx_word' id='word_1_207' title='bbox 339 1863 556 1899; x_wconf 86' lang='lat' dir='ltr'><em>Huiusmodi</em></span> <span class='ocrx_word' id='word_1_208' title='bbox 591 1863 836 1908; x_wconf 81' lang='lat' dir='ltr'><em>exemplorum</em></span> <span class='ocrx_word' id='word_1_209' title='bbox 870 1863 1028 1899; x_wconf 85' lang='lat' dir='ltr'><em>maxima</em></span> <span class='ocrx_word' id='word_1_210' title='bbox 1061 1863 1166 1909; x_wconf 91' lang='lat' dir='ltr'><em>copia</em></span> <span class='ocrx_word' id='word_1_211' title='bbox 1199 1864 1323 1900; x_wconf 87' lang='lat' dir='ltr'><em>afferri</em></span> <span class='ocrx_word' id='word_1_212' title='bbox 1360 1869 1500 1910; x_wconf 87' lang='lat' dir='ltr'><em>potest,</em></span> <span class='ocrx_word' id='word_1_213' title='bbox 1539 1866 1649 1902; x_wconf 86' lang='lat' dir='ltr'><em>etiam</em></span> <span class='ocrx_word' id='word_1_214' title='bbox 1686 1867 1724 1903; x_wconf 90' lang='lat' dir='ltr'><em>in</em></span> 
     </span>
     <span class='ocr_line' id='line_1_27' title="bbox 162 1922 1722 1969; baseline 0.002 -11"><span class='ocrx_word' id='word_1_215' title='bbox 162 1922 368 1959; x_wconf 86' lang='lat' dir='ltr'><em>accusativi</em></span> <span class='ocrx_word' id='word_1_216' title='bbox 395 1933 424 1958; x_wconf 91' lang='lat' dir='ltr'><em>c.</em></span> <span class='ocrx_word' id='word_1_217' title='bbox 450 1922 515 1959; x_wconf 91' lang='lat' dir='ltr'><em>inf.</em></span> <span class='ocrx_word' id='word_1_218' title='bbox 535 1926 740 1968; x_wconf 86' lang='lat' dir='ltr'><em>structura;</em></span> <span class='ocrx_word' id='word_1_219' title='bbox 766 1932 849 1957; x_wconf 88' lang='lat' dir='ltr'><em>nam</em></span> <span class='ocrx_word' id='word_1_220' title='bbox 876 1933 955 1957; x_wconf 90' lang='lat' dir='ltr'><em>cum</em></span> <span class='ocrx_word' id='word_1_221' title='bbox 982 1922 1020 1958; x_wconf 90' lang='lat' dir='ltr'><em>in</em></span> <span class='ocrx_word' id='word_1_222' title='bbox 1045 1932 1089 1958; x_wconf 86' lang='lat' dir='ltr'><em>ea</em></span> <span class='ocrx_word' id='word_1_223' title='bbox 1113 1923 1209 1967; x_wconf 88' lang='lat' dir='ltr'><em>apud</em></span> <span class='ocrx_word' id='word_1_224' title='bbox 1228 1933 1350 1959; x_wconf 89' lang='lat' dir='ltr'><em>omnes</em></span> <span class='ocrx_word' id='word_1_225' title='bbox 1369 1924 1566 1969; x_wconf 84' lang='lat' dir='ltr'><em>scriptores</em></span> <span class='ocrx_word' id='word_1_226' title='bbox 1585 1925 1722 1962; x_wconf 86' lang='lat' dir='ltr'><em>subiec-</em></span> 
     </span>
     <span class='ocr_line' id='line_1_28' title="bbox 165 1981 1723 2029; baseline 0.003 -13"><span class='ocrx_word' id='word_1_227' title='bbox 165 1984 243 2016; x_wconf 90' lang='lat' dir='ltr'><em>tum</em></span> <span class='ocrx_word' id='word_1_228' title='bbox 282 1981 455 2016; x_wconf 86' lang='lat' dir='ltr'><em>infinitivi</em></span> <span class='ocrx_word' id='word_1_229' title='bbox 492 1981 703 2026; x_wconf 87' lang='lat' dir='ltr'><em>pronomine</em></span> <span class='ocrx_word' id='word_1_230' title='bbox 741 1981 1029 2017; x_wconf 86' lang='lat' dir='ltr'><em>demonstrativo</em></span> <span class='ocrx_word' id='word_1_231' title='bbox 1068 1981 1340 2026; x_wconf 86' lang='lat' dir='ltr'><em>exprimendum</em></span> <span class='ocrx_word' id='word_1_232' title='bbox 1379 1993 1450 2018; x_wconf 89' lang='lat' dir='ltr'><em>non</em></span> <span class='ocrx_word' id='word_1_233' title='bbox 1487 1994 1571 2019; x_wconf 87' lang='lat' dir='ltr'><em>raro</em></span> <span class='ocrx_word' id='word_1_234' title='bbox 1616 1984 1723 2029; x_wconf 90' lang='lat' dir='ltr'><em>plane</em></span> 
     </span>
     <span class='ocr_line' id='line_1_29' title="bbox 168 2039 1723 2084; baseline 0.002 -9"><span class='ocrx_word' id='word_1_235' title='bbox 168 2040 374 2082; x_wconf 85' lang='lat' dir='ltr'><em>omittatur,</em></span> <span class='ocrx_word' id='word_1_236' title='bbox 400 2050 441 2076; x_wconf 89' lang='lat' dir='ltr'><em>eo</em></span> <span class='ocrx_word' id='word_1_237' title='bbox 468 2039 614 2075; x_wconf 82' lang='lat' dir='ltr'><em>facilius</em></span> <span class='ocrx_word' id='word_1_238' title='bbox 640 2039 827 2076; x_wconf 79' lang='lat' dir='ltr'><em>subaudiri</em></span> <span class='ocrx_word' id='word_1_239' title='bbox 852 2042 997 2084; x_wconf 88' lang='lat' dir='ltr'><em>potest,</em></span> <span class='ocrx_word' id='word_1_240' title='bbox 1023 2039 1085 2075; x_wconf 87' lang='lat' dir='ltr'><em>ubi</em></span> <span class='ocrx_word' id='word_1_241' title='bbox 1111 2040 1341 2076; x_wconf 86' lang='lat' dir='ltr'><em>enuntiatum</em></span> <span class='ocrx_word' id='word_1_242' title='bbox 1375 2041 1572 2078; x_wconf 85' lang='lat' dir='ltr'><em>relativum</em></span> <span class='ocrx_word' id='word_1_243' title='bbox 1605 2042 1723 2078; x_wconf 90' lang='lat' dir='ltr'><em>locum</em></span> 
     </span>
     <span class='ocr_line' id='line_1_30' title="bbox 165 2097 424 2134; baseline -0.004 0"><span class='ocrx_word' id='word_1_244' title='bbox 165 2098 244 2134; x_wconf 89' lang='lat' dir='ltr'><em>eius</em></span> <span class='ocrx_word' id='word_1_245' title='bbox 270 2097 424 2134; x_wconf 84' lang='lat' dir='ltr'><em>obtinet.</em></span> 
     </span>
    </p>

    <p class='ocr_par' dir='ltr' id='par_1_8' title="bbox 159 2156 1723 2605">
     <span class='ocr_line' id='line_1_31' title="bbox 287 2156 1721 2204; baseline 0.002 -12"><span class='ocrx_word' id='word_1_246' title='bbox 287 2156 316 2201; x_wconf 73' lang='lat'><em>2)</em></span> <span class='ocrx_word' id='word_1_247' title='bbox 345 2157 567 2201; x_wconf 82' lang='lat' dir='ltr'><em>Quamquam</em></span> <span class='ocrx_word' id='word_1_248' title='bbox 595 2167 640 2192; x_wconf 90' lang='lat' dir='ltr'><em>ne</em></span> <span class='ocrx_word' id='word_1_249' title='bbox 671 2157 922 2193; x_wconf 81' lang='lat' dir='ltr'><em>accusativum</em></span> <span class='ocrx_word' id='word_1_250' title='bbox 949 2156 1092 2201; x_wconf 86' lang='lat' dir='ltr'><em>quidem</em></span> <span class='ocrx_word' id='word_1_251' title='bbox 1118 2157 1294 2193; x_wconf 80' lang='lat' dir='ltr'><em>Varronis</em></span> <span class='ocrx_word' id='word_1_252' title='bbox 1321 2168 1438 2193; x_wconf 89' lang='lat' dir='ltr'><em>sermo</em></span> <span class='ocrx_word' id='word_1_253' title='bbox 1471 2158 1623 2204; x_wconf 81' lang='lat' dir='ltr'><em>respuit,</em></span> <span class='ocrx_word' id='word_1_254' title='bbox 1656 2160 1721 2196; x_wconf 86' lang='lat' dir='ltr'><em>cfr.</em></span> 
     </span>
     <span class='ocr_line' id='line_1_32' title="bbox 161 2215 1722 2263; baseline 0.003 -13"><span class='ocrx_word' id='word_1_255' title='bbox 161 2215 222 2250; x_wconf 93' lang='lat'><em>111</em></span> <span class='ocrx_word' id='word_1_256' title='bbox 252 2216 373 2260; x_wconf 83' lang='lat'><strong>16‚23;</strong></span> <span class='ocrx_word' id='word_1_257' title='bbox 399 2215 453 2250; x_wconf 90' lang='lat' dir='ltr'><em>IX</em></span> <span class='ocrx_word' id='word_1_258' title='bbox 480 2217 543 2260; x_wconf 82' lang='lat'><em>133</em></span> <span class='ocrx_word' id='word_1_259' title='bbox 569 2216 602 2251; x_wconf 91' lang='lat' dir='ltr'><strong>V</strong></span> <span class='ocrx_word' id='word_1_260' title='bbox 630 2217 697 2252; x_wconf 87' lang='lat'><em>109</em></span> <span class='ocrx_word' id='word_1_261' title='bbox 723 2215 833 2261; x_wconf 75' lang='lat' dir='ltr'><em>(hanc</em></span> <span class='ocrx_word' id='word_1_262' title='bbox 865 2219 967 2252; x_wconf 87' lang='lat' dir='ltr'><em>recte</em></span> <span class='ocrx_word' id='word_1_263' title='bbox 1000 2216 1099 2261; x_wconf 87' lang='lat' dir='ltr'><em>vulg.</em></span> <span class='ocrx_word' id='word_1_264' title='bbox 1126 2220 1277 2261; x_wconf 85' lang='lat' dir='ltr'><em>propter</em></span> <span class='ocrx_word' id='word_1_265' title='bbox 1308 2226 1352 2252; x_wconf 87' lang='lat' dir='ltr'><em>ea</em></span> <span class='ocrx_word' id='word_1_266' title='bbox 1385 2227 1476 2260; x_wconf 87' lang='lat' dir='ltr'><em>quae</em></span> <span class='ocrx_word' id='word_1_267' title='bbox 1510 2222 1722 2263; x_wconf 85' lang='lat' dir='ltr'><em>sequuntur,</em></span> 
     </span>
     <span class='ocr_line' id='line_1_33' title="bbox 160 2273 1723 2320; baseline 0.003 -12"><span class='ocrx_word' id='word_1_268' title='bbox 160 2273 243 2308; x_wconf 78' lang='lat' dir='ltr'><em>hine</em></span> <span class='ocrx_word' id='word_1_269' title='bbox 277 2274 395 2319; x_wconf 89' lang='lat' dir='ltr'><em>cod.);</em></span> <span class='ocrx_word' id='word_1_270' title='bbox 431 2277 499 2309; x_wconf 85' lang='lat' dir='ltr'><em>sat.</em></span> <span class='ocrx_word' id='word_1_271' title='bbox 526 2274 570 2310; x_wconf 88' lang='lat' dir='ltr'><em>fr.</em></span> <span class='ocrx_word' id='word_1_272' title='bbox 596 2276 677 2310; x_wconf 88' lang='lat'>409.</span> <span class='ocrx_word' id='word_1_273' title='bbox 727 2274 971 2310; x_wconf 85' lang='lat' dir='ltr'><em>Accusativus</em></span> <span class='ocrx_word' id='word_1_274' title='bbox 1006 2274 1101 2319; x_wconf 81' lang='lat' dir='ltr'><em>apud</em></span> <span class='ocrx_word' id='word_1_275' title='bbox 1127 2278 1272 2310; x_wconf 86' lang='lat' dir='ltr'><em>veteres</em></span> <span class='ocrx_word' id='word_1_276' title='bbox 1306 2275 1504 2319; x_wconf 83' lang='lat' dir='ltr'><em>scriptores</em></span> <span class='ocrx_word' id='word_1_277' title='bbox 1536 2275 1723 2320; x_wconf 85' lang='lat' dir='ltr'><em>frequenti</em></span> 
     </span>
     <span class='ocr_line' id='line_1_34' title="bbox 168 2332 1722 2380; baseline 0.002 -13"><span class='ocrx_word' id='word_1_278' title='bbox 168 2332 204 2368; x_wconf 92' lang='lat' dir='ltr'><em>in</em></span> <span class='ocrx_word' id='word_1_279' title='bbox 232 2343 300 2368; x_wconf 89' lang='lat' dir='ltr'><em>usu</em></span> <span class='ocrx_word' id='word_1_280' title='bbox 325 2337 395 2377; x_wconf 88' lang='lat' dir='ltr'><em>est,</em></span> <span class='ocrx_word' id='word_1_281' title='bbox 421 2332 546 2368; x_wconf 88' lang='lat' dir='ltr'><em>Cicero</em></span> <span class='ocrx_word' id='word_1_282' title='bbox 574 2343 655 2368; x_wconf 90' lang='lat' dir='ltr'><em>eum</em></span> <span class='ocrx_word' id='word_1_283' title='bbox 682 2333 855 2379; x_wconf 83' lang='lat' dir='ltr'><em>evitavit3</em></span> <span class='ocrx_word' id='word_1_284' title='bbox 880 2344 964 2369; x_wconf 87' lang='lat' dir='ltr'><em>nam</em></span> <span class='ocrx_word' id='word_1_285' title='bbox 990 2334 1052 2377; x_wconf 86' lang='lat' dir='ltr'><em>qui</em></span> <span class='ocrx_word' id='word_1_286' title='bbox 1076 2334 1177 2368; x_wconf 92' lang='lat' dir='ltr'><em>locus</em></span> <span class='ocrx_word' id='word_1_287' title='bbox 1196 2333 1293 2368; x_wconf 93' lang='lat' dir='ltr'><em>solus</em></span> <span class='ocrx_word' id='word_1_288' title='bbox 1318 2333 1440 2369; x_wconf 85' lang='lat' dir='ltr'><em>obstat</em></span> <span class='ocrx_word' id='word_1_289' title='bbox 1456 2334 1564 2379; x_wconf 88' lang='lat' dir='ltr'><em>(Phil.</em></span> <span class='ocrx_word' id='word_1_290' title='bbox 1589 2335 1623 2369; x_wconf 94' lang='lat' dir='ltr'>X</span> <span class='ocrx_word' id='word_1_291' title='bbox 1649 2338 1722 2380; x_wconf 85' lang='lat'>26),</span> 
     </span>
     <span class='ocr_line' id='line_1_35' title="bbox 165 2391 1722 2437; baseline 0.003 -11"><span class='ocrx_word' id='word_1_292' title='bbox 165 2391 210 2427; x_wconf 88' lang='lat' dir='ltr'><em>de</em></span> <span class='ocrx_word' id='word_1_293' title='bbox 238 2402 279 2426; x_wconf 89' lang='lat' dir='ltr'><em>eo</em></span> <span class='ocrx_word' id='word_1_294' title='bbox 306 2402 534 2436; x_wconf 87' lang='lat' dir='ltr'><em>summopere</em></span> <span class='ocrx_word' id='word_1_295' title='bbox 560 2392 784 2428; x_wconf 87' lang='lat' dir='ltr'><em>dissentiunt</em></span> <span class='ocrx_word' id='word_1_296' title='bbox 807 2392 1042 2437; x_wconf 87' lang='lat' dir='ltr'><em>interpretes.</em></span> <span class='ocrx_word' id='word_1_297' title='bbox 1092 2392 1224 2427; x_wconf 87' lang='lat' dir='ltr'><em>Potest</em></span> <span class='ocrx_word' id='word_1_298' title='bbox 1253 2396 1376 2428; x_wconf 83' lang='lat' dir='ltr'><em>autem</em></span> <span class='ocrx_word' id='word_1_299' title='bbox 1401 2396 1466 2427; x_wconf 87' lang='lat' dir='ltr'><em>aut</em></span> <span class='ocrx_word' id='word_1_300' title='bbox 1489 2392 1568 2437; x_wconf 91' lang='lat' dir='ltr'><em>ipse</em></span> <span class='ocrx_word' id='word_1_301' title='bbox 1595 2393 1722 2431; x_wconf 81' lang='lat' dir='ltr'><em>Cicero</em></span> 
     </span>
     <span class='ocr_line' id='line_1_36' title="bbox 160 2450 1723 2497; baseline 0.003 -13"><span class='ocrx_word' id='word_1_302' title='bbox 160 2450 413 2486; x_wconf 84' lang='lat' dir='ltr'><em>accusativum</em></span> <span class='ocrx_word' id='word_1_303' title='bbox 439 2450 629 2496; x_wconf 87' lang='lat' dir='ltr'><em>scripsisse</em></span> <span class='ocrx_word' id='word_1_304' title='bbox 655 2451 774 2497; x_wconf 88' lang='lat' dir='ltr'><em>magis</em></span> <span class='ocrx_word' id='word_1_305' title='bbox 800 2451 846 2486; x_wconf 89' lang='lat' dir='ltr'><em>ad</em></span> <span class='ocrx_word' id='word_1_306' title='bbox 870 2461 905 2487; x_wconf 87' lang='lat' dir='ltr'><em>v.</em></span> <span class='ocrx_word' id='word_1_307' title='bbox 923 2451 1051 2496; x_wconf 77' lang='lat' dir='ltr'><em>exiqat</em></span> <span class='ocrx_word' id='word_1_308' title='bbox 1075 2460 1182 2495; x_wconf 84' lang='lat' dir='ltr'><em>quam</em></span> <span class='ocrx_word' id='word_1_309' title='bbox 1208 2450 1255 2486; x_wconf 85' lang='lat' dir='ltr'><em>ad</em></span> <span class='ocrx_word' id='word_1_310' title='bbox 1280 2454 1403 2486; x_wconf 80' lang='lat' dir='ltr'><em>utatur</em></span> <span class='ocrx_word' id='word_1_311' title='bbox 1419 2451 1630 2496; x_wconf 86' lang='lat' dir='ltr'><em>respiciens,</em></span> <span class='ocrx_word' id='word_1_312' title='bbox 1656 2455 1723 2488; x_wconf 86' lang='lat' dir='ltr'><em>aut</em></span> 
     </span>
     <span class='ocr_line' id='line_1_37' title="bbox 159 2508 1721 2556; baseline 0.001 -12"><span class='ocrx_word' id='word_1_313' title='bbox 159 2508 331 2544; x_wconf 86' lang='lat' dir='ltr'><em>librarius</em></span> <span class='ocrx_word' id='word_1_314' title='bbox 365 2512 409 2544; x_wconf 85' lang='lat' dir='ltr'><em>ut</em></span> <span class='ocrx_word' id='word_1_315' title='bbox 438 2519 504 2554; x_wconf 91' lang='lat' dir='ltr'><em>pro</em></span> <span class='ocrx_word' id='word_1_316' title='bbox 535 2511 693 2556; x_wconf 79' lang='lat' dir='ltr'><em>pecunia</em></span> <span class='ocrx_word' id='word_1_317' title='bbox 729 2509 907 2545; x_wconf 87' lang='lat' dir='ltr'><em>scriberet</em></span> <span class='ocrx_word' id='word_1_318' title='bbox 930 2509 1197 2553; x_wconf 85' lang='lat' dir='ltr'><em>accusativum,</em></span> <span class='ocrx_word' id='word_1_319' title='bbox 1230 2508 1351 2546; x_wconf 89' lang='lat' dir='ltr'><em>verbis</em></span> <span class='ocrx_word' id='word_1_320' title='bbox 1382 2509 1544 2555; x_wconf 85' lang='lat' dir='ltr'><em>proxime</em></span> <span class='ocrx_word' id='word_1_321' title='bbox 1570 2520 1721 2555; x_wconf 87' lang='lat' dir='ltr'><em>sequeu-</em></span> 
     </span>
     <span class='ocr_line' id='line_1_38' title="bbox 166 2566 589 2605; baseline 0.007 -3"><span class='ocrx_word' id='word_1_322' title='bbox 166 2566 265 2602; x_wconf 77' lang='lat' dir='ltr'><em>tibus</em></span> <span class='ocrx_word' id='word_1_323' title='bbox 292 2567 472 2604; x_wconf 86' lang='lat' dir='ltr'><em>adductus</em></span> <span class='ocrx_word' id='word_1_324' title='bbox 498 2578 589 2605; x_wconf 89' lang='lat' dir='ltr'><em>esse.</em></span> 
     </span>
    </p>

    <p class='ocr_par' dir='ltr' id='par_1_9' title="bbox 159 2626 1722 2906">
     <span class='ocr_line' id='line_1_39' title="bbox 282 2626 1722 2672; baseline 0.002 -11"><span class='ocrx_word' id='word_1_325' title='bbox 282 2626 452 2662; x_wconf 87' lang='lat' dir='ltr'><em>Ceterum</em></span> <span class='ocrx_word' id='word_1_326' title='bbox 479 2627 573 2672; x_wconf 91' lang='lat' dir='ltr'><em>quod</em></span> <span class='ocrx_word' id='word_1_327' title='bbox 592 2627 700 2663; x_wconf 88' lang='lat' dir='ltr'><em>Dietz</em></span> <span class='ocrx_word' id='word_1_328' title='bbox 728 2627 784 2663; x_wconf 86' lang='lat' dir='ltr'><em>‘de</em></span> <span class='ocrx_word' id='word_1_329' title='bbox 802 2637 968 2662; x_wconf 86' lang='lat' dir='ltr'><em>sermone</em></span> <span class='ocrx_word' id='word_1_330' title='bbox 986 2626 1202 2662; x_wconf 86' lang='lat' dir='ltr'><em>Catoniano’</em></span> <span class='ocrx_word' id='word_1_331' title='bbox 1228 2637 1312 2672; x_wconf 85' lang='lat' dir='ltr'><em>pag.</em></span> <span class='ocrx_word' id='word_1_332' title='bbox 1331 2628 1378 2662; x_wconf 81' lang='lat'><em>22</em></span> <span class='ocrx_word' id='word_1_333' title='bbox 1395 2630 1588 2672; x_wconf 87' lang='lat' dir='ltr'><em>utramque</em></span> <span class='ocrx_word' id='word_1_334' title='bbox 1605 2631 1722 2664; x_wconf 87' lang='lat' dir='ltr'><em>struc-</em></span> 
     </span>
     <span class='ocr_line' id='line_1_40' title="bbox 162 2685 1721 2731; baseline 0.002 -12"><span class='ocrx_word' id='word_1_335' title='bbox 162 2689 284 2720; x_wconf 85' lang='lat' dir='ltr'><em>turam</em></span> <span class='ocrx_word' id='word_1_336' title='bbox 316 2685 385 2729; x_wconf 75' lang='lat' dir='ltr'><em>(uti</em></span> <span class='ocrx_word' id='word_1_337' title='bbox 417 2685 555 2731; x_wconf 77' lang='lat' dir='ltr'><em>aliquid</em></span> <span class='ocrx_word' id='word_1_338' title='bbox 586 2690 625 2721; x_wconf 91' lang='lat' dir='ltr'><em>et</em></span> <span class='ocrx_word' id='word_1_339' title='bbox 656 2686 709 2720; x_wconf 81' lang='lat' dir='ltr'><em>uti</em></span> <span class='ocrx_word' id='word_1_340' title='bbox 741 2685 864 2731; x_wconf 81' lang='lat' dir='ltr'><em>aliqua</em></span> <span class='ocrx_word' id='word_1_341' title='bbox 898 2686 954 2730; x_wconf 86' lang='lat' dir='ltr'><em>re)</em></span> <span class='ocrx_word' id='word_1_342' title='bbox 980 2685 1034 2720; x_wconf 87' lang='lat' dir='ltr'><em>ita</em></span> <span class='ocrx_word' id='word_1_343' title='bbox 1059 2685 1257 2731; x_wconf 84' lang='lat' dir='ltr'><em>distinguit</em></span> <span class='ocrx_word' id='word_1_344' title='bbox 1281 2690 1322 2721; x_wconf 90' lang='lat' dir='ltr'><em>ut</em></span> <span class='ocrx_word' id='word_1_345' title='bbox 1347 2685 1446 2722; x_wconf 84' lang='lat' dir='ltr'><em>dicat</em></span> <span class='ocrx_word' id='word_1_346' title='bbox 1469 2687 1721 2724; x_wconf 84' lang='lat' dir='ltr'><em>accusativum</em></span> 
     </span>
     <span class='ocr_line' id='line_1_41' title="bbox 159 2743 1722 2789; baseline 0.002 -12"><span class='ocrx_word' id='word_1_347' title='bbox 159 2743 263 2788; x_wconf 88' lang='lat' dir='ltr'><em>poni,</em></span> <span class='ocrx_word' id='word_1_348' title='bbox 298 2743 359 2778; x_wconf 89' lang='lat' dir='ltr'><em>ubi</em></span> <span class='ocrx_word' id='word_1_349' title='bbox 390 2753 478 2779; x_wconf 89' lang='lat' dir='ltr'><em>usus</em></span> <span class='ocrx_word' id='word_1_350' title='bbox 512 2744 572 2780; x_wconf 88' lang='lat' dir='ltr'><em>vel</em></span> <span class='ocrx_word' id='word_1_351' title='bbox 604 2743 748 2780; x_wconf 83' lang='lat' dir='ltr'><em>fructus</em></span> <span class='ocrx_word' id='word_1_352' title='bbox 787 2744 834 2780; x_wconf 84' lang='lat' dir='ltr'><em>ad</em></span> <span class='ocrx_word' id='word_1_353' title='bbox 866 2748 982 2779; x_wconf 86' lang='lat' dir='ltr'><em>totam</em></span> <span class='ocrx_word' id='word_1_354' title='bbox 1015 2753 1092 2779; x_wconf 88' lang='lat' dir='ltr'><em>rem</em></span> <span class='ocrx_word' id='word_1_355' title='bbox 1116 2744 1319 2788; x_wconf 87' lang='lat' dir='ltr'><em>referatur,</em></span> <span class='ocrx_word' id='word_1_356' title='bbox 1345 2744 1563 2789; x_wconf 87' lang='lat' dir='ltr'><em>ablativum,</em></span> <span class='ocrx_word' id='word_1_357' title='bbox 1588 2745 1650 2780; x_wconf 88' lang='lat' dir='ltr'><em>ubi</em></span> <span class='ocrx_word' id='word_1_358' title='bbox 1675 2745 1722 2781; x_wconf 82' lang='lat' dir='ltr'><em>ad</em></span> 
     </span>
     <span class='ocr_line' id='line_1_42' title="bbox 164 2801 1721 2848; baseline 0 -10"><span class='ocrx_word' id='word_1_359' title='bbox 164 2801 322 2846; x_wconf 80' lang='lat' dir='ltr'><em>aliquam</em></span> <span class='ocrx_word' id='word_1_360' title='bbox 347 2801 454 2837; x_wconf 88' lang='lat' dir='ltr'><em>huius</em></span> <span class='ocrx_word' id='word_1_361' title='bbox 478 2802 534 2838; x_wconf 85' lang='lat' dir='ltr'><em>rei</em></span> <span class='ocrx_word' id='word_1_362' title='bbox 558 2805 713 2848; x_wconf 85' lang='lat' dir='ltr'><em>partem,</em></span> <span class='ocrx_word' id='word_1_363' title='bbox 739 2806 864 2839; x_wconf 87' lang='lat' dir='ltr'><em>metuo</em></span> <span class='ocrx_word' id='word_1_364' title='bbox 888 2805 932 2838; x_wconf 82' lang='lat' dir='ltr'><em>ut</em></span> <span class='ocrx_word' id='word_1_365' title='bbox 956 2802 1090 2847; x_wconf 87' lang='lat' dir='ltr'><em>ubique</em></span> <span class='ocrx_word' id='word_1_366' title='bbox 1115 2802 1208 2838; x_wconf 83' lang='lat' dir='ltr'><em>hanc</em></span> <span class='ocrx_word' id='word_1_367' title='bbox 1233 2801 1354 2848; x_wconf 90' lang='lat' dir='ltr'><em>legem</em></span> <span class='ocrx_word' id='word_1_368' title='bbox 1379 2802 1614 2840; x_wconf 82' lang='lat' dir='ltr'><em>observatam</em></span> <span class='ocrx_word' id='word_1_369' title='bbox 1640 2813 1721 2840; x_wconf 85' lang='lat' dir='ltr'><em>esse</em></span> 
     </span>
     <span class='ocr_line' id='line_1_43' title="bbox 163 2859 462 2906; baseline 0 -9"><span class='ocrx_word' id='word_1_370' title='bbox 163 2859 308 2897; x_wconf 84' lang='lat' dir='ltr'><em>ostendi</em></span> <span class='ocrx_word' id='word_1_371' title='bbox 333 2860 462 2906; x_wconf 84' lang='lat' dir='ltr'><em>possit.</em></span> 
     </span>
    </p>
   </div>
  </div>
 </body>
</html>
