1833 3048
826 42 1113 78 *27—

195 160 345 211 cedere,
385 171 540 200 sanum
571 171 667 210 esse,
701 157 835 211 furtis
865 157 1072 210 noxisque
1102 158 1308 209 solutum,
1348 156 1453 197 item
1485 156 1561 198 III
1596 159 1741 219 16‚283

193 227 218 268 I
251 230 368 278 2,26;
416 226 467 267 II
500 229 588 278 4,8;
623 224 722 267 aliis
763 224 870 267 locis
914 225 1131 267 nonnullis
1174 237 1279 277 quos
1322 225 1500 279 collegit
1538 226 1645 268 Keil
1687 226 1744 268 ad

192 297 243 338 Π
275 299 357 345 4‚3.

312 364 397 407 Sed
430 368 603 407 restant
647 364 730 407 loci
772 377 856 406 non
898 365 1026 417 pauci
1068 365 1221 417 quibus
1264 366 1469 418 asyndeti
1500 366 1567 410 vis
1606 367 1743 409 maior

194 436 254 478 sit
297 449 424 488 quam
467 436 530 478 eis
573 448 677 487 quos
720 435 951 478 attulimus
997 435 1103 491 (illis
1147 435 1258 477 enim
1301 437 1367 479 vis
1408 439 1505 478 erat
1547 437 1656 479 haec
1694 440 1742 479 ut

196 507 277 549 duo
322 507 513 548 membra
555 506 686 559 plane
724 505 852 557 aequi
885 505 1047 547 ordinis
1087 509 1479 559 componerentur);
1513 507 1636 550 velut
1667 508 1743 550 ΠΙ

199 581 292 630 1Ο,3
326 578 501 622 Saltum
531 580 620 633 fere
652 579 701 621 111
739 592 851 631 aqua
882 603 936 607 —
971 576 1063 618 scil.
1098 588 1275 618 anseres
1309 604 1376 629 —-,
1420 579 1653 634 iniymttar
1696 580 1743 622 111

185 649 357 703 flamen
399 653 475 692 aat
510 649 744 703 piscinam,
792 646 882 700 ubi,
927 647 965 689 si
1007 646 1275 689 sententiam
1317 650 1578 700 spectamus,
1625 647 1743 700 prior

191 717 411 760 enuntiati
441 730 543 771 pars
586 729 670 759 non
712 717 846 759 multo
890 716 1066 760 diversa
1098 720 1166 759 est
1199 718 1254 759 ab
1288 718 1519 760 enuntiato
1553 717 1738 766 causali;

191 788 394 830 similiter
415 789 440 830 I
466 791 560 837 14,3
595 787 794 844 (Afferes
823 790 995 843 faciant
1026 790 1119 832 sine
1140 791 1268 844 fossa,
1302 804 1368 832 eos
1390 790 1563 844 quidam
1593 794 1743 832 vocant

189 875 333 903 muros
367 864 412 903 at
447 861 493 903 in
525 874 625 913 asyro
657 857 861 913 Reatino)
896 859 1031 901 Verba
1074 874 1241 914 ayqeres
1278 861 1448 916 fact'zmt
1489 861 1582 903 31110
1612 862 1740 915 fossa,

192 942 286 971 cum
311 932 445 971 antea
475 929 526 971 de
559 928 794 982 aggeribus
827 927 1068 970 coniunctis
1102 940 1196 970 cum
1228 928 1358 971 fossis
1391 928 1634 981 expositum
1666 929 1738 982 sit,

190 999 304 1041 idem
347 998 441 1041 fere
479 999 632 1041 valent
675 1002 808 1050 atque
851 999 1126 1041 enuntiatum
1169 999 1262 1042 sive
1306 999 1605 1042 condicionale
1647 999 1742 1042 sive

190 1069 442 1122 relativum,
465 1069 616 1121 utique
638 1068 857 1111 inferioris
876 1069 1052 1111 ordinis.
1080 1093 1128 1100 —
1149 1070 1294 1112 Multa
1317 1069 1526 1112 eiusmodi
1544 1070 1742 1122 exempla

189 1140 290 1183 vide
322 1140 437 1193 apud
469 1140 615 1182 Kahn.
650 1153 690 1192 p.
728 1144 823 1182 760.

306 1211 332 1253 I
372 1215 423 1251 56
470 1214 578 1253 extr.
617 1213 866 1267 faenisiciae
904 1215 1150 1257 eoozdmztar
1186 1214 1337 1256 melias
1377 1214 1452 1256 sab
1484 1218 1583 1256 tecto
1615 1228 1742 1268 qaam

190 1284 238 1326 111
269 1284 440 1336 acervis,
475 1284 584 1337 qaod
617 1283 674 1325 ita
700 1283 758 1337 fit
790 1284 1025 1327 inamatus
1044 1285 1263 1339 pabulum.
1325 1285 1398 1326 Em
1419 1299 1462 1326 eo
1484 1285 1742 1339 intellegitur

189 1355 298 1407 qaod
321 1368 452 1408 pecus
482 1358 659 1407 utroque
683 1355 821 1407 posito
855 1354 1052 1398 libeoztzfzsas
1084 1360 1143 1398 est
1173 1353 1396 1397 sententia
1429 1366 1481 1395 ea
1513 1356 1582 1395 est
1613 1377 1668 1383 -—
1697 1353 1742 1394 id

192 1422 304 1476 quod
338 1435 392 1464 ex
422 1422 529 1476 ipsis
561 1422 707 1465 verbis
738 1435 823 1465 non
856 1423 967 1466 satis
1000 1428 1154 1477 aperte
1186 1424 1329 1466 elucet
1361 1449 1429 1477 —,
1462 1427 1511 1466 ut
1533 1425 1669 1467 verba
1683 1426 1742 1479 fit

189 1495 426 1538 iucundius
453 1495 656 1549 pabulam
689 1493 816 1535 simul
847 1507 923 1546 pro
957 1495 1152 1537 subiecto
1184 1495 1307 1538 Verbi
1338 1497 1598 1552 intelleyitur
1629 1493 1740 1536 acci-

189 1563 349 1617 pienda
380 1563 491 1606 sint:
523 1566 784 1621 intelleyt'tar
815 1564 907 1606 scil.
935 1568 1142 1621 pabulam
1172 1567 1406 1611 iucundius
1431 1568 1549 1622 fieri.

307 1635 378 1676 Ex
409 1634 618 1676 eiusmodi
648 1634 768 1688 10018,
804 1647 980 1687 quorum
1012 1636 1174 1678 similes
1203 1649 1257 1678 ex
1287 1648 1546 1689 unaquaque
1577 1635 1740 1690 pagina

186 1703 319 1747 facile
348 1703 495 1746 afferri
516 1708 712 1758 possunt,
747 1705 857 1748 satis
881 1706 1167 1760 cognoscitur,
1202 1707 1355 1759 quanti
1387 1707 1593 1749 momenti
1615 1706 1673 1749 sit
1696 1706 1740 1748 in

189 1775 384 1828 qualibet
433 1775 605 1817 dicendi
651 1774 789 1817 forma
834 1777 1146 1829 pronuntiandi
1191 1777 1236 1820 in
1282 1790 1477 1820 sermone
1519 1777 1739 1820 cotidiano

184 1846 318 1895 ratio;
355 1858 439 1898 qua
472 1845 663 1888 efficitur
694 1849 744 1888 ut
776 1847 846 1890 vel
876 1847 1069 1899 paullum
1102 1851 1272 1890 mutato
1294 1848 1413 1892 vocis
1436 1851 1621 1891 accentu
1642 1848 1738 1901 plus

186 1916 455 1969 exprimatur
487 1929 615 1968 quam
647 1929 808 1970 magna
840 1917 994 1960 addita
1026 1919 1254 1962 verborum
1287 1919 1425 1972 copia.

304 1986 512 2030 Breviter
545 1991 879 2030 commemorato
913 2001 961 2030 eo
985 1989 1189 2042 asyndeti
1211 2002 1382 2043 genere,
1407 1989 1530 2043 quod,
1554 1991 1603 2032 ut
1627 1989 1739 2042 apud

184 2069 326 2099 rerum
367 2057 640 2110 potissimum
681 2058 917 2111 scriptores
958 2059 1078 2101 locus
1122 2059 1162 2102 ei
1204 2062 1273 2102 est
1318 2060 1375 2102 ad
1422 2060 1739 2114 depingendam

184 2127 456 2170 celeritatem
485 2141 570 2180 qua
603 2127 776 2182 singula
809 2141 856 2171 se
888 2129 1222 2183 subsequantur,
1257 2130 1320 2173 sic
1352 2131 1466 2184 apud
1496 2132 1738 2176 Varronem

186 2196 231 2238 in
264 2197 325 2239 eis
358 2210 439 2256 rer.
468 2201 576 2241 rust.
600 2198 806 2241 librorum
828 2199 1029 2251 partibus
1050 2200 1284 2251 invenitur,
1308 2201 1353 2243 in
1375 2201 1528 2253 quibus
1552 2201 1739 2254 scriptor

180 2267 276 2320 ipse
299 2280 465 2320 quoque
488 2271 655 2320 narrat,
689 2281 774 2311 non
795 2273 1034 2322 praecepta
1058 2271 1114 2313 ad
1136 2271 1233 2324 agri
1256 2272 1469 2313 culturam
1487 2271 1738 2325 spectantia

182 2337 386 2390 exprimit
430 2339 570 2393 (velut
611 2339 688 2381 ΙΙΙ
732 2344 775 2393 5,
813 2343 884 2379 18;
924 2342 1039 2385 001111ι
1077 2343 1131 2385 ad
1167 2357 1246 2386 nos
1282 2343 1540 2386 Pantaleias
1580 2344 1735 2397 Parra,

181 2414 337 2452 narrat
376 2411 430 2453 acl
471 2411 657 2454 tabulam
680 2444 687 2453 .
714 2445 722 2453 .
748 2444 756 2453 .
791 2413 1001 2466 quendam
1032 2413 1314 2466 deprensam.
1340 2447 1347 2455 .
1374 2446 1397 2466 .,
1432 2428 1526 2456 eam
1557 2415 1611 2457 ad
1642 2429 1736 2458 0011-

181 2480 315 2522 salem
355 2485 537 2523 tractum
561 2514 568 2523 .
595 2513 637 2524 ..
680 2481 798 2524 Pavo
837 2483 992 2537 saryit,
1033 2484 1143 2536 qaod
1181 2481 1306 2537 etc.):
1345 2482 1541 2524 exscribo
1583 2483 1735 2537 locum,

180 2560 261 2600 quo
300 2547 367 2591 vis
408 2549 621 2602 asyndeto
653 2549 770 2592 inest
803 2550 1084 2605 explicativa,
1118 2552 1143 2593 I
1177 2555 1246 2605 20,
1281 2556 1303 2592 3
1336 2553 1658 2598 Instituendam
1689 2560 1737 2598 at

178 2620 336 2663 inania
374 2621 564 2674 primam
600 2622 759 2664 ducant
789 2623 989 2677 plaustra
1030 2628 1077 2675 et,
1117 2625 1155 2665 si
1189 2624 1345 2678 possis,
1386 2639 1462 2679 per
1492 2625 1631 2667 11011111
1662 2630 1752 2669 autv

179 2690 400 2744 oppidum:
439 2692 577 2734 creber
614 2693 797 2746 crepitus
838 2707 887 2736 ac
917 2694 1101 2736 varietas
1131 2707 1275 2736 reram
1306 2696 1608 2738 consuetudine
1639 2697 1734 2739 ccle-

177 2761 358 2804 berri‘ma
389 2761 445 2804 ad
476 2762 703 2805 utilitatem
734 2763 917 2805 adducit.
968 2761 1092 2816 Quod
1123 2775 1260 2816 genus
1293 2766 1341 2805 ut
1373 2776 1457 2806 non
1487 2777 1587 2806 raro
1619 2765 1735 2818 apud

176 2828 419 2874 Varronem
443 2829 505 2873 sic
527 2831 642 2884 apud
664 2831 773 2874 alios
794 2831 1031 2885 scriptores
1054 2845 1186 2886 saepe
1202 2832 1390 2878 inveniri
1406 2833 1534 2877 docet
1550 2835 1735 2879 Kiihner
