1833 3048
809 101 859 135 ‹39

78 228 346 283 *deponenti-e:
379 235 448 268 sat.
470 228 515 266 fr.
534 231 611 265 493
633 230 699 274 (R.
720 230 809 273 218,
835 227 878 276 3)
910 224 1033 267 'acciti
1054 242 1191 269 sumus,
1224 234 1265 266 ut,
1286 225 1590 277 (lel'iontaremur'

159 300 183 335 i.
207 309 238 334 e.
269 298 315 334 de
345 300 459 342 ponte
490 296 737 332 deicereinur.
800 294 867 331 Cui
905 297 935 332 si
977 296 1169 333 addideris
1206 295 1456 343 fragmentum
1489 296 1587 344 quod

161 364 330 409 sequitur
359 360 481 416 (494)
513 350 584 398 ‘vix
614 360 747 397 effatus
778 364 873 405 erut,
908 373 989 398 cum
1023 373 1125 400 more
1158 365 1343 399 maiorum
1372 364 1474 399 ultro
1508 374 1591 399 ear-

159 430 262 467 nales
290 431 489 475 arripiunt,
521 428 567 464 (le
597 430 710 473 ponte
740 427 776 462 in
809 427 974 465 Tiberim
1006 423 1236 472 deturbant',
1276 429 1391 465 habes
1424 428 1591 465 fabulam

159 496 276 540 illam,
307 507 380 542 qua
409 495 580 531 homines
619 494 859 539 sexagenarii
899 495 944 530 de
986 497 1101 540 ponte
1136 494 1314 532 Tiberino
1345 494 1480 531 deiecti
1511 505 1593 531 csse

158 562 390 599 dicebantur.
436 562 530 598 Rem
561 560 680 606 ipsam
701 559 798 595 idem
823 560 942 596 Varro
972 560 1130 596 tradidit
1161 561 1207 597 de
1238 561 1301 597 vit.
1334 561 1374 597 Ι).
1399 560 1590 605 R-11,11‚

157 639 231 676 quo
268 628 350 664 loco
389 628 554 672 explicat
596 636 703 662 senes
746 625 816 661 LX
854 636 972 662 annos
1014 629 1125 663 natos
1167 638 1190 663 a
1226 626 1387 673 publicis
1430 626 1591 673 negotiis

156 695 296 731 liberos
335 698 447 740 atque
483 693 625 730 otiosos
666 691 782 727 fuisse
825 692 950 737 itaque
991 682 1038 728 'in
1078 692 1318 739 proverbium
1362 693 1506 728 venisse
1551 694 1593 727 ut

155 759 346 797 diceretur
387 759 656 805 sexagenarios
696 757 741 793 de
781 761 896 803 ponte
936 757 1031 793 deici
1071 765 1261 803 oportere,
1304 757 1341 794 id
1384 760 1451 800 est,
1493 757 1592 802 quod

154 825 371 872 suffragium
402 836 476 862 non
506 824 643 865 ferant,
674 823 773 869 quod
812 834 880 869 per
909 827 1063 869 pontem
1095 819 1291 861 ferebant'.
1351 825 1434 869 Qua
1473 823 1518 860 de
1549 834 1590 859 re

154 892 238 929 vide
259 892 335 929 alia
355 890 572 928 testimonia
603 901 663 936 ap.
697 885 938 926 Kettnerum
969 890 1017 927 ad
1048 890 1088 926 P.
1112 892 1155 928 R.
1190 891 1238 932 ΙΙ,
1267 893 1326 935 11,
1358 889 1492 936 quibus
1522 888 1587 925 ad-

153 959 200 995 de
231 956 306 994 Cic.
335 969 404 1004 pro
435 958 469 994 S.
500 958 612 994 Rosc.
646 957 696 993 35
729 955 749 1003 ᾗ
785 959 872 993 100.

74 1019 358 1076 devirginaret
402 1028 471 1060 sat.
503 1022 549 1059 fr.
581 1024 659 1059 409
692 1020 756 1071 (R.
796 1025 883 1065 1915,
907 1018 947 1067 2)
989 1021 1089 1069 ‘quid
1128 1023 1325 1070 inguinum
1367 1024 1584 1069 interesset,

155 1095 283 1128 utrum
326 1102 485 1138 puerum
532 1100 651 1127 essem
699 1089 977 1136 devirginatum
1023 1082 1194 1132 visurus’,
1241 1088 1287 1125 ad
1332 1098 1428 1133 quae
1475 1086 1591 1123 verba

158 1156 302 1194 Nonius
331 1158 422 1201 458,
442 1159 490 1192 21
524 1156 814 1201 explicationem
854 1155 960 1192 addit
991 1156 1106 1192 lianc:
1150 1149 1336 1201 ‘Virgines
1367 1164 1441 1190 non
1472 1152 1589 1189 solum

163 1222 326 1260 feminae
347 1223 534 1268 dicuntur,
572 1233 699 1258 verum
730 1223 843 1258 etiam
875 1222 979 1267 pueri
1011 1220 1219 1265 imberbes3
1252 1231 1337 1257 nani
1370 1222 1408 1256 ct
1437 1219 1590 1265 quicun-

157 1300 227 1336 que
259 1301 305 1327 ex
335 1289 491 1336 ephebis
520 1291 743 1329 excesserat,
774 1288 1005 1334 (levirginari
1041 1280 1258 1324 dicebatur'.
1303 1285 1477 1322 Concedo
1505 1295 1589 1320 ver-

156 1356 244 1394 bum
275 1355 538 1403 devirginandi
568 1355 621 1391 ita
650 1354 831 1400 explicari
863 1365 986 1399 posse,
1027 1353 1092 1390 sed
1133 1362 1215 1389 cuin
1257 1351 1340 1388 aliis
1381 1350 1444 1386 ubi
1486 1352 1590 1386 extat

151 1423 255 1469 locis,
287 1424 391 1460 velut
420 1422 575 1458 Petron.
610 1422 682 1465 253
718 1420 821 1456 Paul.
844 1420 924 1466 Dig.
960 1422 996 1463 1,
1023 1420 1082 1464 18,
1107 1421 1177 1464 213
1212 1417 1349 1463 Hygin.
1383 1415 1497 1453 fabul.
1524 1417 1587 1461 23,

154 1489 341 1538 significet
377 1488 596 1535 virginitate
628 1488 790 1533 privare,
830 1485 922 1521 haec
954 1485 1057 1522 notio
1089 1496 1154 1521 cur
1184 1485 1222 1520 in
1255 1483 1438 1519 Varronis
1467 1482 1589 1519 locum

154 1566 229 1593 non
260 1555 356 1592 bene
387 1553 548 1601 quadret
578 1564 652 1590 non
683 1553 800 1589 video.

75 1620 261 1659 evirare:
307 1624 377 1659 sat.
410 1619 456 1657 fr.
494 1621 571 1656 275
604 1619 667 1664 (R.
704 1620 791 1663 164,
816 1620 860 1662 ὓ)
897 1612 1059 1664 ‘spatula
1088 1617 1246 1653 eviravit
1282 1615 1412 1652 omnes
1452 1615 1589 1652 Veneri

155 1699 250 1736 vaga
280 1680 425 1735 pueros'
458 1690 495 1723 et
524 1687 623 1723 idem
653 1697 711 1732 ap.
746 1685 905 1729 Catull.;
940 1683 1040 1720 Cael.
1072 1683 1186 1727 Aur.;
1220 1683 1353 1729 Veget.

75 1751 313 1791 eoecuriare:
361 1757 430 1791 sat.
472 1752 519 1790 fr.
552 1754 625 1789 221
670 1753 730 1797 (Η.
767 1753 854 1796 119,
889 1753 928 1796 4)
971 1745 1225 1796 'Apollonium
1266 1749 1350 1786 ideo
1390 1749 1589 1785 excuriant

157 1822 243 1868 quia
273 1821 367 1858 nihil
395 1814 570 1857 habebat'
602 1819 625 1854 i.
649 1830 678 1855 e.
711 1818 815 1854 curia
844 1817 1056 1862 excludunt,
1088 1816 1185 1861 quod
1217 1814 1371 1851 verbum
1404 1825 1588 1861 nusquam

154 1888 244 1925 alibi
272 1887 432 1924 inveniri
464 1886 623 1931 videtur,
661 1885 730 1920 nisi
760 1884 972 1929 respexeris
1003 1883 1261 1919 coniecturam
1291 1877 1505 1917 Lambeciz'
1539 1880 1587 1917 ad

155 1953 313 1990 Varron.
345 1952 455 1999 frgm.
488 1963 547 1998 ap.
579 1950 677 1986 Non.
711 1950 803 1996 465,
826 1950 875 1983 26
909 1942 1098 1991 (Kettner
1128 1947 1174 1983 de
1207 1948 1271 1983 vit.
1305 1947 1345 1983 P.
1370 1945 1415 1981 R.
1448 1946 1495 1988 11,
1518 1948 1584 1988 24)

156 2014 296 2055 ‘Nihilo
319 2019 439 2065 magis
470 2022 626 2064 propter
654 2016 803 2062 argenti
833 2014 922 2052 facti
945 2015 1223 2051 multitudinem
1254 2011 1286 2048 is
1317 2017 1407 2048 erat
1434 2008 1583 2058 furan-

160 2079 518 2133 dum'711biLamZ).
543 2082 778 2120 emendavit:
803 2071 870 2117 ‘ius
889 2084 972 2117 erat
988 2069 1232 2117 excuriandi'.
1265 2079 1341 2115 Alii
1358 2079 1589 2124 scripserunt

160 2153 364 2188 ‘manserat
408 2152 445 2187 in
489 2143 614 2186 curia'.
694 2143 912 2193 cautelam-ac
951 2147 988 2183 in
1020 2146 1133 2182 Nonii
1177 2145 1341 2181 editione
1387 2145 1588 2181 novissima

157 2215 321 2253 fortasse
351 2219 455 2253 recte
478 2206 537 2250 ‘iis
557 2217 648 2250 erat
658 2207 911 2263 furandum
945 2213 998 2257 (h.
1021 2224 1053 2249 e.
1077 2210 1417 2255 abscondendum),
1449 2211 1588 2247 omissa

158 2283 438 2328 praepositione
470 2274 644 2327 'propter'
676 2283 764 2316 ante
797 2268 979 2325 'argentiss
1012 2290 1122 2325 quam
1155 2289 1200 2314 ex
1230 2275 1352 2313 verbis
1397 2287 1492 2322 quae
1529 2287 1585 2314 se-

157 2351 323 2395 quuntur
362 2338 470 2393 ‘quod
514 2351 678 2397 propter
710 2356 904 2382 censorum
940 2345 1181 2382 severitatem
1224 2342 1315 2379 nihil
1354 2343 1584 2391 luxuriosum¹

156 2416 299 2454 habere
329 2409 476 2453 licebat'
506 2416 706 2462 repetitam
737 2425 817 2451 esse
847 2417 968 2460 putat.
