1833 3048
776 54 1060 92 -58-

141 179 255 209 mam
285 168 455 220 partem
488 166 650 209 eisdem
681 167 837 211 finibus
870 181 916 211 se
950 169 1177 212 continent
1209 169 1361 222 quibus
1384 169 1499 222 apud
1521 173 1690 213 ceteros

141 238 376 291 scriptores
409 237 705 281 abundantiae
737 251 901 293 genera
934 239 1356 283 circumscribuntur.

853 369 874 422 ξ
910 372 976 410 39.

258 437 471 483 Varronis
504 437 685 491 primum
719 450 792 481 eos
824 438 941 481 locos
974 438 1153 481 afferam
1186 439 1338 491 quibus
1362 452 1413 481 ea
1436 439 1554 481 notio
1578 452 1688 491 quae

138 509 270 552 verbo
309 508 432 551 finito
470 508 558 551 iam
597 509 708 551 satis
752 509 1027 563 exprimitur,
1075 512 1208 552 aucta
1246 513 1315 552 est
1353 509 1572 553 adiectivo
1610 513 1688 552 aut

140 579 359 623 adverbio.

254 651 554 706 Incipieozdz'
594 651 725 693 Verbo
770 649 946 692 additur
987 650 1251 693 adieetivum
1287 652 1458 702 primus
1499 651 1549 692 H
1593 654 1684 703 2‚2:

136 722 226 778 Eyo
260 724 422 775 opinor,
456 723 611 776 inquit,
649 723 851 776 incipiam
874 723 1046 776 primus
1078 733 1159 772 quo
1192 721 1284 762 loco
1318 721 1505 762 alterum
1537 724 1682 763 utrum

137 793 263 835 salva
305 792 530 834 sententia
573 791 719 833 omitti
759 791 915 844 potuit.
978 791 1118 833 Plane
1160 791 1267 833 item
1310 790 1400 834 Cic.
1435 791 1547 833 Phil.
1581 792 1606 833 Ι
1638 794 1683 844 8;

136 862 212 904 cfr.
255 861 523 913 Hausehssd,
570 861 692 904 Diss.
735 861 840 903 Hal.
880 861 948 906 VI
996 865 1076 902 285
1113 864 1223 903 extr.
1273 859 1484 903 Similiter
1523 862 1685 904 nomini

136 946 174 985 q.
209 946 244 975 e.
279 935 491 977 mitium
529 932 705 974 additur
737 932 1003 975 adiectivum
1029 934 1253 984 primum
1291 932 1342 973 Π
1381 936 1469 984 4‚9:
1512 934 1684 976 initimn

131 1006 323 1056 primum
355 1009 571 1058 sumptum
602 1005 791 1057 videtum
822 1003 872 1044 X
908 1006 955 1043 11
987 1004 1206 1058 principia
1220 1004 1378 1058 prima.
1412 1001 1582 1044 Dubius
1615 1006 1684 1044 est

133 1074 252 1116 locus
290 1074 360 1116 hic
392 1074 460 1118 VI
493 1078 565 1114 41:
608 1074 823 1129 Incipiam
862 1075 962 1116 hine
991 1075 1179 1128 primmn
1212 1070 1400 1128 [primus
1432 1069 1542 1128 cod]
1575 1075 1683 1124 quod

132 1147 290 1188 dicitur
331 1160 407 1201 ayo
451 1146 558 1188 aetio
597 1146 646 1188 ab
684 1146 847 1200 αρὶΐαΐῑι
883 1146 1021 1199 βιαία)-
1063 1155 1173 1195 quae
1211 1144 1347 1186 Verba
1389 1143 1577 1197 Spengel
1620 1143 1682 1185 sic

131 1215 424 1268 interpunxit:
458 1215 673 1270 Incipiam
706 1216 829 1258 hinc:
858 1216 1045 1269 primum
1078 1217 1159 1255 etc.
1214 1212 1300 1256 Sed
1331 1226 1384 1255 ne
1417 1213 1479 1256 sic
1512 1213 1681 1265 quidem

132 1285 305 1327 tollitur
337 1285 610 1327 abundantia
643 1296 753 1336 quae
785 1284 830 1326 in
861 1284 1007 1326 verbis
1040 1283 1168 1325 inest.
1222 1283 1422 1334 Denique
1445 1296 1538 1325 cum
1564 1284 1601 1327 V
1625 1287 1678 1324 47

130 1357 248 1400 Hine
281 1358 419 1399 oritur
451 1361 576 1411 caput
608 1371 753 1399 sacrae
785 1357 875 1399 riae
908 1354 982 1396 cfr.
1018 1352 1107 1396 Cic.
1131 1354 1244 1396 Phil.
1269 1354 1319 1396 II
1343 1358 1395 1394 20
1416 1356 1681 1409 principimn

130 1433 282 1472 natum
313 1428 529 1482 Tepem'etz's
551 1425 597 1480 1),

250 1496 390 1549 Saepe
429 1495 491 1538 eis
529 1495 674 1539 verbis
714 1495 866 1548 quibus
906 1494 972 1538 vis
1011 1494 1127 1536 inest
1165 1493 1494 1546 frequentativa
1527 1495 1679 1538 adver-

129 1567 246 1610 bium
278 1567 455 1609 additur
488 1566 668 1609 eandem
700 1565 920 1608 notionem
954 1565 1196 1618 exprimens
1227 1565 1322 1619 (cfr.
1348 1565 1549 1608 Schmalz
1578 1566 1677 1609 Stil.

131 1641 154 1690 ξ
195 1640 280 1690 64).
341 1637 473 1680 Cuius
517 1649 618 1679 usus
661 1637 776 1689 apud
813 1636 1055 1680 Varronem
1097 1636 1205 1677 haec
1247 1635 1445 1687 exempla
1483 1635 1678 1678 animad-

128 1709 262 1752 verti:
296 1708 374 1750 111
410 1711 534 1761 16,29
567 1713 616 1751 ut
648 1709 745 1751 olim
778 1709 916 1751 erebro
945 1707 1095 1750 Sabim
1122 1708 1449 1762 faetitcwemmt;
1480 1707 1557 1748 ΙΠ
1582 1711 1675 1759 17,5

128 1785 176 1823 ut
206 1781 328 1823 illum
359 1781 489 1822 seiam
516 1794 674 1834 semper
705 1781 751 1822 m
774 1794 918 1822 cenam
936 1780 1072 1833 pisces
1093 1778 1291 1820 Puteolos
1311 1778 1474 1820 mittere
1496 1783 1678 1833 emptum

128 1851 321 1903 solitum,-
350 1848 457 1890 item
488 1848 533 1890 in
566 1848 789 1890 sententia
820 1848 1032 1902 negativa
1064 1848 1140 1889 ΠΙ
1176 1851 1297 1895 16,11
1333 1848 1421 1890 Hos
1452 1862 1677 1899 oemzquam

126 1922 272 1964 minus
296 1954 303 1962 .
330 1955 337 1962 .
364 1954 371 1962 .
395 1921 577 1974 recipere
608 1932 692 1962 esse
723 1920 876 1962 solitos.
929 1919 983 1960 In
1006 1917 1228 1960 Ciceronis
1252 1917 1521 1959 orationibus
1544 1919 1676 1961 verbo

127 2002 167 2042 q.
201 2002 235 2031 e.
268 1991 397 2033 solere
441 1989 554 2031 binis
601 1989 708 2031 locis
751 1989 970 2031 adduntur
1012 1988 1222 2031 adverbia
1264 2004 1383 2042 saepe
1421 1990 1466 2029 et
1504 2004 1674 2044 semper.

245 2059 378 2102 Cadit
409 2060 492 2101 huc
525 2059 658 2102 etiam
681 2071 783 2102 usus
805 2059 1049 2112 particulae
1072 2074 1256 2102 rursus
1277 2058 1322 2099 in
1346 2058 1408 2100 eis
1432 2059 1674 2102 enuntiatis

126 2143 303 2183 quorum
344 2131 521 2174 verbum
562 2130 730 2172 finitum
772 2142 848 2182 per
889 2129 1104 2183 syllabam
1149 2145 1222 2172 re-
1261 2127 1480 2181 incipitur.
1534 2129 1673 2172 Locos

126 2201 399 2255 congessisse
431 2200 556 2243 video
579 2200 807 2242 Reiterum
835 2213 874 2252 p.
901 2203 953 2239 80
978 2199 1076 2241 adn.
1131 2199 1254 2253 Quod
1276 2199 1516 2251 pleonasmi
1538 2212 1673 2253 genus

125 2272 239 2324 apud
281 2284 426 2314 omnes
469 2271 560 2313 fere
602 2274 804 2313 auctores
846 2270 1085 2313 invenitur:
1131 2270 1245 2322 apud
1289 2269 1540 2312 Ciceronem
1579 2270 1673 2324 (cfr.

124 2341 382 2384 Thielmann
414 2355 451 2394 p.
487 2345 600 2394 368),
646 2341 760 2393 apud
793 2344 909 2383 auct.
943 2340 1047 2382 belli
1079 2340 1205 2392 Hisp.
1241 2344 1285 2381 et
1317 2340 1421 2382 belli
1452 2340 1547 2382 Afr.
1580 2341 1672 2393 (cfr.

123 2412 291 2454 Kohler
322 2412 381 2454 A.
416 2412 459 2454 S.
493 2413 544 2454 E.
579 2412 603 2453 Ι
636 2414 756 2460 447),
797 2412 910 2465 apud
944 2411 1190 2454 Cornelium
1221 2411 1437 2463 Nepotem
1471 2412 1674 2466 (rursus

122 2498 339 2526 resacrare
371 2482 469 2524 Alc.
506 2486 592 2535 6,5;
630 2481 705 2524 cfr.
740 2482 888 2534 Lupus
910 2478 1230 2535 ‘Sp1·achgebr.'
1268 2493 1306 2533 p.
1333 2481 1448 2536 205),
1484 2481 1593 2524 alios
1619 2507 1668 2513 —

123 2551 199 2593 cfr.
234 2552 419 2594 Kiihner
449 2565 492 2604 p.
530 2555 639 2592 1052
673 2555 782 2594 extr.
818 2551 890 2604 qui
920 2551 1036 2594 haud
1067 2550 1413 2604 improbabiliter
1445 2551 1671 2594 existimat

242 2679 269 2722 ¹)
297 2679 465 2714 Ceterum
491 2679 528 2714 in
554 2679 622 2714 hoc
648 2679 890 2714 abundantiae
916 2689 1051 2723 genere
1076 2688 1180 2714 nemo
1206 2678 1243 2713 in
1269 2679 1478 2714 memoriam
1505 2679 1572 2714 sibi
1598 2689 1668 2714 non

125 2737 315 2772 revocabit
340 2738 452 2772 verba
483 2738 704 2780 Thucydidis
738 2738 788 2782 (ΙΙ
821 2739 865 2772 36
897 2737 993 2782 init.)
1020 2736 1187 2782 ’Ἀρξομαι
1219 2735 1247 2769 ὁ·>
1276 2736 1348 2769 ἀπὸ
1378 2738 1453 2769 τῶν
1483 2738 1670 2783 προγόνων

119 2796 275 2840 πρῶτον.
327 2795 550 2839 Quamquam
582 2797 727 2832 minime
761 2796 839 2831 dico
866 2796 1041 2831 Varronis
1074 2795 1335 2830 abundantiam
1367 2806 1431 2840 pro
1465 2795 1666 2840 graecismo

119 2863 199 2888 esse
225 2853 434 2888 habendam.
