1833 3048
309 918 630 965 Varronianum
664 919 880 962 scribendi
911 933 1047 974 genus
1071 933 1164 963 cum
1198 934 1224 963 a
1246 922 1546 975 grammaticis
1569 925 1743 966 tantum

190 1003 274 1033 non
308 991 438 1043 plane
470 989 717 1043 neglectum
741 993 872 1038 esset,
906 991 1111 1043 proximis
1135 991 1301 1033 demum
1325 992 1397 1044 qui
1419 993 1743 1045 praeterierunt

192 1059 320 1102 annis
353 1059 518 1101 acriore
541 1059 684 1101 studio
708 1062 906 1102 tractare
935 1064 1181 1114 coeperunt,
1215 1074 1268 1104 ex
1290 1074 1370 1114 quo
1403 1066 1448 1104 et
1481 1062 1742 1106 editionibus

188 1130 313 1174 novis
352 1129 603 1182 compositis
641 1130 730 1172 arti
762 1130 943 1173 criticae
982 1135 1146 1173 certum
1181 1132 1508 1175 fundamentum
1539 1136 1740 1186 paratum

193 1204 263 1243 est
296 1203 341 1243 et
363 1200 614 1243 Wolffiinus
646 1200 819 1253 aliique,
854 1214 948 1243 cum
982 1201 1203 1245 Ciceronis
1236 1203 1398 1245 cultum
1430 1207 1479 1245 ut
1510 1203 1576 1245 ita
1603 1204 1744 1246 dicam

187 1271 521 1325 restringerent,
556 1283 700 1313 eorum
723 1271 993 1324 scriptorum,
1029 1272 1101 1324 qui
1122 1273 1296 1327 vulgari
1318 1286 1513 1316 sermone
1536 1274 1604 1317 usi
1626 1276 1740 1325 sunt,

187 1341 326 1396 magis
358 1341 574 1383 rationem
607 1341 767 1383 habere
800 1342 1101 1385 instituerunt.

304 1412 415 1452 Eam
454 1411 590 1464 igitur
628 1412 943 1464 grammaticae
975 1417 1160 1465 partem,
1205 1426 1315 1466 quae
1353 1414 1397 1456 in
1437 1414 1565 1456 rebus
1598 1415 1742 1456 ortho-

187 1481 409 1535 graphicis
442 1486 487 1523 et
519 1480 563 1522 in
595 1482 822 1524 verborum
853 1483 1037 1525 flexione
1069 1487 1284 1537 versatur,
1319 1488 1530 1537 quantum
1553 1485 1608 1527 ad
1630 1485 1742 1529 Var-

186 1564 333 1594 ronem
362 1551 567 1605 pertinet,
601 1552 820 1595 tractavit
852 1553 979 1608 Aug.
1013 1554 1202 1596 Miiller
1235 1555 1300 1597 ‘de
1326 1555 1481 1608 priscis
1514 1557 1742 1599 verborum

185 1621 332 1664 formis
367 1621 684 1675 Varronianis⁷,
717 1623 820 1665 Hal.
859 1628 984 1665 1877.

303 1691 514 1745 Syntaxis
558 1695 704 1734 autem
748 1705 842 1734 cum
883 1694 1069 1736 nondum
1111 1697 1210 1737 tota
1253 1695 1364 1737 satis
1407 1696 1650 1749 perquisita
1682 1697 1742 1739 sit

186 1773 328 1814 neque
367 1762 411 1804 in
443 1774 588 1804 eorum
626 1762 749 1805 libris
782 1762 855 1815 qui
886 1763 1062 1817 linguae
1094 1765 1262 1807 latinae
1294 1766 1515 1819 syntaxim
1547 1767 1741 1809 illustra-

183 1834 357 1884 verunt,
397 1832 518 1875 velut
557 1831 750 1887 Drageri
791 1837 837 1875 et
876 1833 1091 1890 Kiihneri,
1131 1835 1345 1879 Varronis
1377 1836 1444 1878 ita
1476 1839 1527 1877 ut
1558 1848 1639 1888 par
1670 1839 1740 1878 est

184 1901 300 1944 ratio
334 1902 563 1955 habeatur,
609 1915 689 1957 ego
722 1916 818 1945 eam
850 1903 1146 1958 indagandam
1178 1905 1282 1947 mihi
1314 1906 1529 1958 proposui,
1570 1905 1741 1949 omissis

185 1971 386 2014 nimirum
420 1972 482 2014 eis
507 1984 617 2024 quae
646 1973 701 2015 ab
725 1973 823 2015 aliis
851 1974 1026 2026 prolata
1050 1977 1164 2016 sunt.
1214 1975 1329 2017 Nam
1353 1976 1404 2017 de
1425 1975 1741 2029 particularum

186 2054 267 2084 usu
309 2043 437 2086 Varr.
486 2042 722 2096 diligenter
764 2043 970 2086 disseruit
1011 2045 1069 2086 H.
1104 2045 1288 2087 Reiter
1327 2044 1565 2101 (QQuaestt
1609 2047 1739 2091 Varr.

183 2113 392 2178 gramm.
433 2112 792 2168 Regim1882);
833 2127 1009 2157 casuum
1051 2127 1173 2157 usum
1216 2115 1426 2168 explicuit
1467 2117 1510 2159 J.
1544 2116 1742 2160 Sitzler

184 2181 211 2235 (
218 2170 339 2225 Uber
362 2183 444 2224 den
462 2183 631 2225 Kasus-
637 2182 869 2226 Gebrauch
887 2185 957 2227 bei
969 2184 1140 2239 Vario
1165 2186 1574 2229 Tauberbischofsh.
1586 2188 1739 2241 Progr.

187 2255 329 2303 1889).
393 2253 546 2305 Neque
586 2255 953 2307 praetereundum
993 2260 1062 2299 est
1095 2269 1189 2299 cum
1222 2257 1331 2299 alios
1364 2257 1407 2299 in
1440 2258 1741 2300 nonnullorum

184 2321 441 2374 scriptorum
488 2335 684 2366 sermone
727 2325 990 2368 illustrando
1033 2328 1125 2368 tuni
1167 2326 1248 2368 Ph.
1283 2327 1596 2370 Thielmann
1638 2326 1740 2383 (‘De

184 2393 394 2435 sermonis
416 2394 765 2445 proprietatibus
789 2408 900 2448 quae
921 2397 1127 2450 leguntur
1160 2397 1273 2449 apud
1306 2397 1582 2439 Cornificium
1617 2399 1663 2440 et
1695 2398 1741 2440 in

183 2462 332 2514 primis
356 2463 578 2506 Ciceronis
607 2463 744 2507 libris'
772 2487 825 2499 =
849 2467 967 2508 Diss
991 2466 1100 2520 Arg.
1125 2468 1190 2515 ΙΙ,
1218 2469 1344 2518 1879)
1377 2467 1605 2510 occasione
1630 2468 1739 2509 data

186 2532 321 2574 etiam
353 2533 567 2577 Varronis
598 2535 763 2587 passim
795 2536 1055 2578 mentionem
1088 2536 1261 2579 fecisse.

302 2603 492 2647 Praeter
508 2605 716 2658 syntaxin
739 2618 841 2649 vero
865 2607 1097 2648 nonnullas
1122 2619 1270 2648 earum
1293 2619 1435 2649 rerum
1460 2606 1673 2661 indagare
1694 2607 1739 2650 in

185 2672 327 2715 animo
362 2673 466 2716 mihi
501 2677 572 2717 est
604 2687 712 2727 quas
747 2676 1056 2729 „elocutionis“
1086 2676 1256 2719 nomine
1283 2676 1349 2718 ita
1379 2677 1738 2730 comprehendere

186 2742 292 2784 mihi
310 2742 459 2796 liceat,
483 2746 533 2785 ut
549 2745 674 2787 huius
691 2745 811 2788 vocis
828 2746 947 2787 notio
966 2746 1290 2799 angustioribus
1306 2746 1462 2788 finibus
1484 2747 1735 2789 includatur

185 2811 499 2869 („Stilistik“):
532 2826 586 2857 ea
618 2815 731 2858 enim
763 2815 1059 2870 distinguendi
1090 2816 1262 2859 ratione
1292 2819 1395 2859 utar
1417 2829 1501 2870 qua
1533 2829 1635 2860 usus
1658 2819 1728 2860 est
