1833 3048
762 54 1051 91 „25-

250 167 275 209 I
307 170 405 215 41,4
437 168 565 222 fieus,
605 168 743 211 malus
774 169 939 222 punica
972 172 1010 211 et
1040 170 1138 212 vitis
1170 168 1340 221 (contra
1373 167 1521 210 eodem
1552 180 1682 210 versu

135 240 375 290 sequuntur
405 238 540 279 Verba
565 239 710 293 palma
744 243 781 281 et
812 253 1034 293 cupressus
1065 244 1102 281 et
1133 240 1255 288 olea);
1289 239 1313 280 I
1337 243 1388 278 68
1419 239 1604 294 pensilia
1636 244 1683 282 ut

132 324 250 362 urae,
282 309 396 352 mala
427 313 465 351 et
495 310 638 362 sorbet:
669 308 745 349 111
771 311 864 358 12,2
889 310 1090 363 custodia,
1120 310 1427 354 ‘incrementum
1458 314 1495 353 et
1518 311 1683 364 pasttog

132 379 173 422 V
208 382 261 418 94
310 380 610 432 Vindemiaton
664 380 894 435 Vestiyator
940 385 978 423 et
1015 380 1220 433 Venatom
1275 379 1352 421 IX
1385 382 1437 419 33
1484 381 1534 423 ‘in
1577 377 1680 435 [eor-

132 446 275 504 m'bus]
310 451 459 503 boz-om,
492 451 713 493 hommum
745 454 783 492 et
814 465 1015 504 equorum
1045 455 1228 503 natural:
1259 449 1461 491 Similiter
1491 448 1682 491 fortasse

132 519 266 561 etiam
298 518 341 560 in
375 518 527 573 fragm.
564 519 616 561 de
648 518 743 562 vita
775 519 825 561 P.
850 520 901 561 R.
935 520 1011 562 III
1042 540 1096 553 Ξ
1128 519 1239 561 Non.
1274 532 1314 572 p.
1346 523 1681 575 529‚‚25,uquam-

132 602 258 642 quam
291 591 425 632 verba
467 602 552 632 non
594 589 769 644 integra
812 602 909 632 esse
951 591 1115 632 elucet:
1151 592 1487 646 ..faetialesqzce
1527 592 1682 646 viqztntz'

131 662 205 714 qut
246 662 294 704 de
335 662 402 704 his
443 662 565 704 rebus
609 666 911 716 eofflzoseerent,
957 662 1198 705 iudicarent
1240 666 1284 704 et
1327 665 1571 715 statuerent,
1608 658 1679 717 [et]

131 733 454 775 constitum-mn.

249 800 335 844 Sed
367 800 454 842 iam
486 800 610 842 huius
644 812 850 843 excursus
889 800 1016 843 finem
1047 799 1273 854 faciamus,
1317 803 1366 842 ut
1408 804 1682 843 revertamur

130 870 186 913 ad
219 871 449 924 asyndeta.

247 942 419 986 Verba
452 941 614 984 finita
647 941 741 984 duo
770 941 990 995 particula
1012 954 1097 984 non
1119 941 1351 984 coniuncta
1374 941 1481 983 dura
1508 942 1680 985 ratione

130 1011 296 1064 scripta
318 1012 522 1055 Videntur
543 1013 594 1054 Π
617 1016 716 1065 2,14
745 1029 839 1056 eum
867 1029 1008 1057 omnes
1040 1018 1330 1069 eonceperzmt,
1354 1028 1509 1056 rursus
1530 1015 1682 1058 arietes

129 1085 385 1138 secernendi,
429 1085 490 1127 ita
529 1085 657 1139 factis
681 1085 988 1140 praefflzcztibns
1019 1086 1128 1138 quod
1169 1089 1272 1128 suut
1301 1084 1472 1131 molesti,
1518 1085 1678 1128 obsunt.

131 1152 216 1196 Sed
248 1153 335 1195 iam
368 1153 567 1207 Scaliger
597 1166 637 1197 v.
673 1156 822 1198 obsunt
864 1153 998 1195 deleri
1038 1154 1262 1206 voluerat3
1307 1155 1460 1195 contra
1491 1153 1598 1195 Keil
1634 1153 1679 1195 in

129 1223 283 1267 vocula
320 1226 377 1267 ita
410 1223 520 1277 (cum
542 1226 682 1280 factis,
716 1227 765 1266 ut
787 1223 1031 1277 videbatur,
1065 1223 1301 1277 iungenda)
1335 1236 1410 1266 suo
1433 1223 1526 1265 iure
1548 1222 1677 1266 offen-

130 1293 234 1335 dens
267 1293 500 1335 substituit
536 1297 619 1338 iam
651 1293 745 1350 (cfr.
781 1294 830 1336 II
865 1298 960 1346 7,12
995 1296 1215 1339 anniculis
1250 1296 1334 1338 tam
1365 1296 1520 1350 factis).
1583 1295 1679 1348 Ego

129 1368 178 1406 ut
212 1363 339 1405 simul
382 1365 627 1418 asyndeton
667 1365 909 1417 tolleretur,
957 1377 1033 1418 pro
1080 1368 1138 1409 ita,
1180 1367 1491 1417 exspectabam
1532 1377 1680 1407 vocem

132 1446 216 1486 qua
250 1434 333 1476 tali
363 1435 536 1477 ratione
570 1435 802 1477 enuntiata
834 1435 1131 1489 iungerentur,
1171 1438 1220 1477 ut
1253 1447 1386 1477 causa
1428 1435 1681 1478 secernendi

133 1504 297 1546 arietes
329 1504 611 1556 indicaretur,
655 1505 778 1549 velut
811 1508 885 1561 qui
916 1519 950 1548 S.
982 1522 1098 1551 ozam.
1138 1505 1225 1549 Sed
1255 1505 1524 1548 Ribbeckius
1556 1518 1680 1559 prae-

135 1578 286 1628 ceptor
328 1575 604 1618 doctissimus
648 1576 877 1618 certiorem
919 1589 986 1618 me
1018 1576 1124 1618 fecit
1163 1576 1215 1618 de
1247 1576 1365 1619 Vocis
1398 1578 1460 1620 ita
1497 1588 1577 1618 usu
1607 1589 1679 1629 po-

130 1645 348 1688 tissimum
380 1646 601 1696 Plautino,
636 1659 662 1688 a
683 1647 819 1689 Petro
842 1647 1024 1701 Langen
1048 1645 1291 1701 (Beitrage
1314 1660 1389 1689 zur
1409 1646 1567 1689 Kritik
1594 1646 1681 1689 und

128 1716 383 1770 Erklarung
416 1717 490 1759 des
513 1717 714 1760 Plautus'
738 1731 778 1770 p.
805 1721 883 1758 231
910 1721 1019 1770 sqq.)
1042 1718 1215 1759 uberius
1237 1717 1474 1766 illustrato,
1509 1729 1590 1769 quo
1612 1716 1680 1759 vis

127 1785 221 1828 eius
267 1787 321 1828 ab
363 1787 498 1840 ipsius
541 1787 788 1839 particulae
830 1803 933 1833 ozam
974 1787 1066 1830 fere
1108 1800 1193 1830 non
1235 1787 1409 1831 diversa
1452 1790 1534 1830 est.
1584 1786 1680 1842 Qua

126 1856 303 1899 notione
337 1860 521 1910 accepta
554 1858 760 1911 expedita
793 1861 862 1900 est
895 1858 978 1900 loci
1012 1858 1202 1900 offensio.

246 1927 395 1970 Ceteri
437 1928 520 1970 loci
561 1941 609 1970 eo
644 1928 861 1981 differunt,
902 1929 1014 1981 quod
1052 1929 1103 1971 de
1137 1928 1423 1972 enuntiatis
1464 1929 1677 1981 duobus,

125 2010 210 2040 non
258 1998 310 2040 de
353 1999 499 2041 verbis
543 1998 703 2053 agitur,
751 1999 873 2042 velut
910 2000 960 2041 II
1001 2003 1097 2049 7‚10
1140 2001 1291 2054 Itaque
1336 2001 1384 2044 in
1426 2000 1602 2043 stabulis
1642 2004 1680 2042 et

126 2085 272 2112 umore
291 2071 508 2124 prohibere
530 2075 686 2125 oportet
706 2072 893 2125 humum,
925 2072 1069 2114 clausa
1090 2072 1238 2114 habere
1259 2072 1366 2114 ostia
1387 2086 1436 2114 ae
1456 2072 1676 2126 fenestras,

127 2145 164 2183 et
197 2142 312 2184 ‘inter
342 2142 536 2196 siwyulas
568 2156 595 2184 (ι
622 2143 890 2196 praesepibus
930 2143 1153 2185 {nterim-e
1185 2142 1405 2197 loozyorios.
1455 2139 1548 2194 Quo
1585 2140 1678 2181 loco

127 2221 221 2252 cum
262 2209 350 2251 tria
391 2210 469 2251 illa
512 2211 563 2252 de
597 2210 750 2263 quibus
783 2211 933 2264 agitur
975 2211 1087 2252 talia
1120 2210 1222 2263 sint,
1265 2213 1315 2252 ut
1359 2210 1541 2263 primum
1583 2222 1677 2251 cum

126 2280 312 2322 secundo
346 2280 512 2322 arctius
552 2281 787 2323 cohaereat
819 2293 947 2334 quam
980 2281 1241 2324 alterutrum
1281 2293 1375 2322 cum
1407 2280 1555 2333 tertio,
1597 2280 1678 2322 hoc

126 2349 261 2392 etiam
294 2350 523 2402 particulis
557 2351 835 2395 correlativis
869 2351 1051 2404 exprimi
1082 2351 1289 2395 videmus.

244 2419 456 2462 Similiter
503 2421 649 2474 posita
690 2434 775 2464 non
817 2424 887 2464 est
929 2421 1173 2464 coniunctio
1215 2422 1266 2463 II
1303 2424 1395 2473 10,5
1440 2422 1490 2464 2122
1525 2422 1677 2464 horum

127 2492 332 2546 emptione
364 2493 463 2535 solet
484 2494 673 2536 accedere
696 2494 909 2544 peculium
940 2498 1015 2536 emt
1047 2494 1195 2547 eoeeipi,
1230 2497 1266 2535 et
1297 2492 1514 2546 stipulatio
1546 2492 1675 2534 inter-

125 2663 241 2698 stadio
268 2668 301 2698 et
323 2666 565 2709 qume'nasiis?
600 2666 913 2710 Frequentissima
945 2670 1068 2701 autem
1101 2666 1190 2700 haec
1223 2665 1464 2710 coniungendi
1494 2664 1590 2699 ratio
1618 2668 1676 2699 est

126 2722 225 2766 apud
251 2723 467 2766 posterioris
495 2724 630 2759 aetatis
657 2725 872 2770 scriptores;
899 2735 982 2759 nam
999 2728 1041 2759 ut
1059 2724 1101 2759 de
1119 2723 1372 2768 grammaticis
1389 2723 1491 2758 velut
1509 2723 1672 2757 Charisio

125 2780 301 2816 Diomede
328 2784 396 2817 etc.
424 2783 533 2826 plane
559 2787 712 2825 taceam,
739 2783 810 2818 iam
837 2783 932 2827 apud
957 2781 1126 2817 Tacitum
1160 2782 1251 2817 satis
1278 2792 1385 2826 saepe
1413 2781 1580 2824 occurrit,
1608 2781 1671 2816 cfr.

127 2838 396 2876 Gerber-Greef
419 2841 487 2876 leX.
514 2852 546 2885 p.
575 2842 643 2876 390
653 2853 688 2886 g.
