1833 3048
864 168 1078 253 Vita.

311 356 364 398 In
413 355 564 409 oppido
611 355 829 399 Saxoniae
877 356 1154 398 Hohenstein
1201 359 1333 399 natus
1383 369 1474 399 sum
1522 357 1741 400 Robertus

191 426 409 468 Ricardus
450 425 739 480 Krumbiegel
783 438 894 468 anno
938 427 976 467 h.
1023 439 1054 468 s.
1095 425 1294 471 LXVII.
1334 439 1373 469 a.
1418 426 1457 468 d.
1500 427 1588 469 ΠΙ.
1628 427 1738 470 Non.

192 495 298 539 Mai.
321 499 447 549 patre
470 496 686 550 RobertQ
720 500 860 538 matre
893 495 1117 539 Ludovica
1151 508 1173 539 e
1206 499 1337 550 gente
1359 497 1627 540 Weberiana
1660 498 1741 541 ori-

190 567 318 620 unda,
353 579 458 619 quos
490 566 606 608 inter
638 566 760 609 vivos
795 579 890 610 esse
923 579 1190 619 summopere
1222 567 1403 621 gaudeo.
1463 567 1615 610 Fidem
1646 580 1740 621 pro-

189 637 317 680 fiteor
349 636 661 691 evangelicam.

307 707 618 750 Hohensteinii
665 707 921 750 rudimentis
968 707 1158 750 imbutus
1206 719 1318 750 anno
1356 707 1583 750 LXXXI.
1626 708 1742 752 inter

194 777 414 832 gymnasii
447 777 785 821 Chemnitiensis
825 778 1058 831 discipulos
1096 780 1300 832 receptus
1332 790 1437 831 sum,
1471 778 1590 821 cuius
1622 783 1741 833 post-

192 861 319 901 quam
358 861 435 891 sex
473 849 645 891 ordines
683 850 887 902 percurri,
929 861 1030 892 vere
1070 849 1173 891 anni
1214 849 1514 894 LXXXVII.
1557 849 1742 903 adeptus

189 931 282 961 sum
322 918 596 962 maturitatis
630 919 741 971 quod
774 919 924 961 dicunt
956 919 1265 962 testimonium.
1315 918 1385 961 Ac
1417 931 1493 972 per
1523 924 1743 963 aestatem

191 988 360 1041 quidem
394 989 485 1031 eius
519 989 622 1031 anni
654 989 881 1044 Tubingae
915 992 1201 1032 commoratus
1234 989 1414 1032 interfui
1442 990 1601 1033 scholis
1634 1003 1743 1043 quas

192 1060 440 1102 habuerunt
462 1060 642 1115 Herzog
663 1061 836 1115 Kugler
860 1061 1072 1104 Schwabe
1095 1060 1270 1104 Sievers
1294 1060 1505 1115 Sigwart;
1536 1064 1742 1105 autumno

191 1142 294 1173 vero
326 1130 370 1173 in
394 1131 506 1173 hanc
527 1131 777 1174 litterarum
800 1131 945 1174 sedem
967 1144 1034 1174 me
1057 1131 1222 1174 contuli
1252 1130 1326 1174 ubi
1358 1131 1565 1175 docentes
1597 1132 1744 1176 audivi

191 1200 307 1244 viros
343 1201 615 1244 doctissimos
648 1202 1058 1245 Birch-Hirschfeld
1078 1203 1332 1257 Brugmann
1355 1201 1581 1245 Oichorius
1603 1204 1744 1246 Ebert

195 1270 511 1315 Gardthausen
550 1273 722 1315 Heinze
760 1272 938 1326 Lipsius
977 1273 1343 1316 Maurenbrecher
1375 1273 1606 1317 Overbeck
1636 1273 1742 1317 Rib-

192 1342 305 1384 beck
336 1343 523 1385 Richter
544 1344 838 1386 Wachsmuth
860 1344 1031 1386 Wundt
1054 1343 1135 1386 Ed.
1159 1344 1360 1387 Zarncke
1382 1344 1502 1386 Frid.
1525 1345 1741 1387 Zarncke.

188 1413 431 1456 Praeterea
481 1427 575 1456 cum
617 1414 661 1456 in
704 1414 1014 1467 proseminario
1057 1414 1416 1468 praeceptoribus
1458 1427 1561 1458 usus
1604 1427 1742 1458 essem

191 1484 427 1526 Hansseno
470 1484 620 1538 Lipsio
667 1485 924 1534 Ribbeckio,
968 1498 1045 1538 per
1086 1484 1175 1527 tria
1217 1485 1447 1528 semestria
1487 1485 1742 1540 regentibus

190 1553 343 1606 Lipsio
384 1554 628 1597 Ribbeckio
673 1555 1008 1598 Wachsmuthio
1057 1555 1279 1598 seminarii
1325 1555 1533 1610 philologi
1579 1555 1742 1598 sodalis

191 1623 436 1666 ordinarius
481 1624 640 1668 audivi.
704 1625 766 1667 Hi
809 1625 943 1667 etiam
987 1625 1042 1668 ad
1085 1625 1324 1668 societates
1357 1626 1525 1668 aditum
1555 1626 1742 1680 benigne

190 1694 294 1736 mihi
327 1698 652 1738 concesserunt:
687 1695 922 1738 Ribbeckii
955 1696 1162 1738 societati
1194 1708 1270 1749 per
1293 1696 1478 1749 quinque
1511 1696 1744 1740 semestria

191 1764 486 1818 adscribebar,
522 1766 849 1808 Wachsmuthii
893 1779 969 1819 per
1011 1770 1080 1808 ter
1111 1778 1237 1808 senos
1269 1779 1451 1819 menses
1495 1766 1636 1820 Lipsii
1667 1779 1744 1820 per

191 1846 364 1876 annum.
428 1836 516 1878 Per
548 1835 661 1878 idem
694 1839 865 1890 tempus
897 1836 1077 1879 interfui
1110 1836 1498 1879 exercitationibus
1520 1836 1743 1880 historicis

189 1904 406 1957 Oichorii,
455 1906 645 1949 eiusdem
693 1907 925 1950 seminario
972 1907 1180 1950 historico
1227 1920 1304 1960 per
1352 1907 1455 1949 anni
1507 1907 1741 1950 dimidium.

187 1975 440 2030 Paedagico
474 1980 620 2019 autem
653 1977 884 2019 seminario
917 1977 1118 2020 Richteri
1162 1977 1295 2019 etiam
1326 1989 1440 2019 nunc
1473 1977 1741 2029 adnumeror,

191 2045 296 2088 item
329 2048 576 2090 romanensi
600 2048 711 2100 quod
733 2048 1146 2091 Birch-Hirschfeld
1178 2047 1428 2091 moderatur
1451 2051 1496 2090 et
1518 2048 1742 2092 theodisco

189 2116 300 2168 quod
332 2117 448 2171 regit
480 2117 532 2160 de
563 2118 752 2160 Bahder.

307 2187 402 2229 Hos
437 2200 583 2231 omnes
606 2190 914 2242 praeceptores
942 2201 1059 2232 meos
1087 2191 1217 2243 grato
1241 2188 1382 2231 animo
1414 2188 1616 2242 prosequi
1636 2200 1742 2231 nun-

188 2269 316 2308 quam
356 2257 565 2307 desinam,
607 2257 817 2311 imprimis
850 2258 1096 2301 Oichorium
1118 2258 1315 2312 Lipsium
1346 2258 1740 2310 Wachsmuthium‚

187 2326 342 2379 quique
374 2328 419 2371 in
450 2329 534 2371 hac
577 2328 890 2373 dissertatione
934 2329 1163 2373 scribenda
1206 2329 1408 2384 egregius
1453 2329 1601 2373 fautor
1638 2328 1743 2373 mihi

186 2397 378 2447 exstitit,
412 2399 712 2443 Ribbeckium.

304 2469 526 2523 Denique,
575 2473 623 2512 ut
681 2470 908 2514 absolvam
956 2471 1068 2513 hanc
1116 2470 1354 2513 studiorum
1404 2470 1740 2520 enarrationem,

186 2538 340 2581 lubens
373 2551 542 2593 semper
574 2540 836 2584 recordabor
869 2543 1077 2594 quantum
1118 2541 1307 2584 fructum
1345 2553 1398 2584 ex
1433 2541 1665 2584 amicorum
1696 2541 1742 2584 in

187 2608 397 2652 sodalicio
437 2610 658 2666 philologo
692 2611 1003 2655 consuetudine
1035 2611 1315 2666 perceperim.
