1833 3048
833 28 1124 66 -23—

191 143 404 188 Similiter
434 142 478 184 in
511 139 824 196 appositione¹)
870 140 1091 183 variatum
1124 143 1193 183 est
1229 142 1254 184 I
1294 146 1360 190 17,
1404 145 1423 182 1
1451 173 1459 181 .
1488 173 1496 182 .
1524 175 1531 182 .
1567 144 1618 187 in
1639 144 1747 186 duas

184 221 348 269 partes,
393 216 442 257 in
483 214 672 255 hommes
704 216 740 254 ct
771 213 1037 256 adminicula
1078 213 1317 266 hominum,
1354 246 1362 256 .
1393 246 1400 254 .
1431 246 1439 255 .
1473 214 1553 257 alii
1583 215 1633 257 in
1663 218 1747 257 tres

184 290 350 338 partes,
399 284 675 327 instrumenti
719 297 855 337 *aenas
902 284 1040 325 rocale
1081 288 1118 326 ei
1165 284 1404 327 semirocale
1446 288 1483 326 et
1523 289 1747 337 ozezttrumy·

191 366 450 406 quamquam
482 352 615 394 etiam
648 352 727 394 hoe
758 352 852 394 1000
886 351 1045 394 omissa
1076 365 1222 405 praep.
1263 355 1366 394 ante
1398 365 1436 396 v.
1469 355 1748 398 instrumenti

191 424 380 476 scriptor
423 422 593 466 evitare
634 422 823 464 voluisse
866 425 1037 475 potest,
1081 435 1135 464 ne
1177 423 1244 464 bis
1289 422 1440 464 eadem
1483 423 1655 476 syllaba
1697 426 1748 468 in

191 493 464 548 pronuntiari
503 493 692 535 deberet.
754 492 944 537 Videtur
981 492 1093 534 enim
1133 492 1177 534 in
1218 493 1284 534 his
1315 492 1586 545 potissimum
1617 494 1746 536 rebus

196 566 424 609 verborum
457 563 551 606 soni
582 575 937 615 numerorumque
970 575 1097 614 quam
1119 562 1304 605 maxime
1322 563 1435 604 ratio
1458 563 1613 605 habita
1636 575 1744 605 esse.

309 634 474 677 Contra
506 634 531 675 I
566 635 666 686 17‚2
707 635 834 677 ctiam
870 649 989 678 mmo
1025 639 1128 677 sum*
1168 635 1219 678 in
1250 635 1357 678 Asia
1398 640 1521 689 atquc
1558 635 1746 690 Aeyypto

191 712 228 750 et
250 708 298 750 in
323 707 506 761 Illyrico
528 706 760 760 complures
782 703 894 755 quod
925 704 969 745 in
1003 704 1189 746 seeundo
1222 705 1411 746 membro
1445 703 1590 746 omisit
1622 716 1746 757 prae-

190 775 464 830 positionem,
499 774 670 817 addidit
701 773 746 815 in
778 773 925 826 tertio⁷
959 773 1141 827 primum
1173 775 1409 816 membrum
1441 775 1584 818 Varro
1622 776 1746 816 arete

191 845 412 888 coniunxit
447 857 540 887 eum
572 843 772 893 seeundo,
816 843 996 886 tertium
1029 843 1168 886 minus
1201 847 1325 886 arete
1364 843 1564 885 adiunxit
1604 844 1746 897 (prop-

192 919 317 958 terea
349 915 483 958 etiam
515 914 689 958 videtur
720 913 907 957 diversis
941 913 1314 956 coniunctionibus
1348 926 1450 956 usus
1481 916 1612 967 esse);
1645 927 1745 956 nam

189 987 322 1030 terris
366 985 529 1029 exteris
564 985 794 1038 opponitur
830 984 1055 1037 provincia
1087 985 1306 1036 Romana,
1349 985 1405 1026 ad
1443 996 1570 1036 quam
1609 985 1743 1026 solam

189 1071 274 1101 vox
306 1071 344 1110 q.
380 1070 415 1099 e.
450 1059 682 1112 complures
712 1055 942 1098 referenda
975 1054 1096 1108 est2).
1144 1056 1259 1097 Item
1292 1056 1343 1097 ΙΙ
1380 1059 1499 1107 11,11
1535 1056 1747 1099 Fructum

192 1164 199 1172 .
226 1164 234 1172 .
260 1163 268 1172 .
293 1144 421 1183 capra
454 1144 473 1171 e
503 1129 606 1182 pilis
629 1125 710 1183 [sic
732 1126 839 1168 Keil
862 1126 924 1167 ed.
948 1125 1048 1167 min.
1071 1138 1147 1178 pro
1181 1141 1332 1181 caprae
1356 1123 1492 1182 pilas]
1525 1128 1746 1170 ministrat

190 1201 244 1243 ad
274 1215 400 1243 usum
430 1200 655 1243 ncmticzcm
686 1203 723 1241 ei
754 1199 809 1241 ad
840 1199 983 1241 bellica
1014 1202 1223 1240 tormenta
1255 1202 1291 1239 et
1321 1198 1498 1252 fabrilia
1530 1211 1632 1239 vasa
1660 1208 1744 1237 om-

189 1269 290 1310 nino
313 1282 397 1310 non
419 1268 508 1310 tria
530 1268 722 1309 membra
745 1267 1087 1320 distinguuntur,
1123 1266 1199 1309 sed
1222 1267 1318 1319 duo,
1353 1279 1527 1318 quorum
1557 1265 1744 1307 alterum

190 1339 394 1381 bifariam
437 1338 665 1380 dividitur:
709 1350 809 1379 nam
848 1340 1055 1379 concreta
1094 1337 1377 1381 substantiva
1419 1337 1499 1378 duo
1543 1336 1744 1388 quodam-

190 1409 314 1452 modo
347 1411 619 1462 opponuntur
649 1407 811 1450 nomini
843 1409 1086 1450 abstracto.

908 1525 929 1579 ξ
968 1528 1032 1566 19.

307 1609 450 1651 Unum
491 1620 645 1650 nomen
689 1607 856 1649 duabus
898 1607 1025 1649 simul
1074 1619 1096 1649 e
1140 1604 1537 1659 praepositionibus
1583 1604 1745 1658 pendet
1801 1624 1807 1629 ·

189 1680 214 1721 1
239 1683 289 1720 35
325 1685 423 1723 (ente
455 1685 492 1722 et
515 1684 611 1734 post
643 1681 856 1732 hrzmzamj
888 1678 952 1721 sic
984 1677 1118 1720 etiam
1150 1678 1192 1722 V
1217 1681 1269 1718 83
1302 1679 1370 1720 uls
1402 1682 1439 1721 ei
1470 1678 1529 1721 cis
1562 1677 1746 1720 Tiberim

190 1749 234 1792 in
266 1749 412 1803 prisea
443 1749 627 1791 formula
661 1761 683 1790 e
717 1748 968 1791 coniectura
999 1747 1212 1790 restituta
1246 1747 1362 1802 (vide
1395 1759 1493 1800 app.
1518 1745 1630 1799 crit.)
1663 1745 1740 1788 cfr.

191 1820 314 1862 Neue
347 1821 398 1862 Π
434 1819 533 1860 ‘2727
570 1821 681 1861 extr.

908 1889 929 1943 ξ
966 1892 1030 1931 20.

311 1973 380 2015 De
399 1972 582 2028 singulis
599 1971 996 2026 praepositionibus
1015 1969 1215 2023 quoniam
1232 1982 1315 2012 non
1334 1970 1471 2012 solum
1489 1968 1745 2012 O.Rossner

196 2041 296 2099 (‘De
335 2056 482 2096 praep.
518 2044 578 2085 ab
612 2043 670 2084 de
703 2055 762 2084 ex
798 2053 878 2084 usu
909 2039 1074 2093 Varr.')
1115 2041 1232 2082 loeos
1270 2043 1448 2093 propter
1479 2039 1744 2094 singularem

313 2184 340 2228 1)
367 2183 407 2217 In
435 2193 505 2225 qua
530 2182 741 2226 plerumque
768 2180 950 2215 omittitur
975 2178 1248 2224 praeverbium,
1277 2178 1340 2213 cfr.
1367 2178 1519 2213 Kiihner
1543 2188 1576 2222 p.
1602 2179 1672 2212 423
1697 2189 1743 2213 m.

193 2241 301 2285 Apud
334 2242 535 2277 Varronem
570 2240 664 2284 quod
697 2239 835 2284 legitur
866 2239 916 2274 VI
952 2238 995 2272 (58
1026 2237 1154 2272 milites
1181 2264 1188 2271 .
1217 2264 1223 2271 .
1252 2265 1259 2272 .
1286 2236 1502 2271 clamitant.
1530 2262 1537 2270 .
1565 2263 1572 2271 .
1607 2235 1650 2270 Io
1683 2236 1744 2271 tri-

192 2299 343 2345 umphe!
368 2299 406 2334 id
430 2311 452 2334 a
478 2299 653 2345 θριάμβῳ
678 2309 721 2332 ac
748 2297 816 2342 (sic
841 2297 918 2332 cod.
938 2297 1050 2340 Flor.)
1074 2306 1207 2341 qracco
1227 2295 1350 2330 Liberi
1371 2297 1603 2339 coqaomento
1623 2298 1747 2340 potest

196 2359 327 2393 cliccztm
355 2359 542 2402 quaeritur
573 2361 697 2392 utrum
731 2356 867 2391 rectius
902 2356 940 2389 O.
968 2355 1101 2390 Miiller
1132 2364 1257 2389 vocem
1292 2365 1335 2388 ac
1360 2354 1468 2398 plane
1495 2353 1673 2388 deleverit
1698 2364 1745 2388 an

194 2417 352 2462 Spengel
382 2417 581 2453 mutaverit
613 2417 649 2451 in
687 2428 719 2450 a.
769 2416 915 2450 Falsam
948 2418 1070 2449 autem
1103 2422 1183 2447 esse
1218 2422 1341 2447 eorum
1376 2411 1579 2455 opinionem
1614 2412 1675 2455 qui
1707 2412 1744 2446 in

194 2476 421 2521 appositione
456 2476 598 2510 omnino
631 2485 702 2509 non
735 2476 820 2518 poni
850 2472 1158 2519 praepositionem
1194 2473 1385 2514 censeant,
1420 2470 1690 2505 demonstratur
1724 2481 1745 2504 a

194 2535 468 2579 Seyffert-MiiH.
488 2534 533 2569 ad
552 2533 626 2569 Cic.
645 2533 746 2568 Lael.
766 2544 799 2577 p.
818 2533 874 2568 58.
917 2532 953 2565 Is
979 2531 1079 2565 locus
1106 2529 1148 2564 de
1177 2540 1244 2573 quo
1271 2529 1322 2564 ibi
1349 2528 1474 2574 agitur
1499 2528 1616 2573 (Lael.
1635 2530 1668 2572 3,
1684 2529 1744 2573 11)

195 2594 302 2638 plane
329 2593 458 2628 similis
485 2595 542 2628 est
566 2591 791 2627 Varroniano
817 2590 854 2624 ΙΙ
882 2592 913 2633 2,
941 2592 960 2624 7
989 2589 1082 2624 aliis.

290 2651 317 2696 ²)
345 2650 519 2686 Similiter
537 2651 555 2684 Ι
573 2652 628 2694 57,
648 2651 667 2683 3
691 2649 830 2695 (Sapra
857 2653 991 2683 terram
1018 2646 1200 2693 qranaria
1226 2646 1262 2680 in
1290 2657 1380 2691 aqro
1407 2645 1552 2691 quidam
1578 2644 1745 2680 sublimia

190 2711 351 2757 faciant,
386 2713 424 2744 ut
455 2710 492 2743 in
527 2709 709 2755 Hispania
742 2709 907 2743 citeriore
939 2711 973 2742 et
1003 2707 1040 2741 in
1066 2704 1199 2751 Apulia
1233 2704 1392 2750 quidam)
1425 2703 1629 2750 posteriore
1665 2703 1743 2738 1000

193 2779 318 2805 vocem
347 2767 492 2813 quidam
519 2767 565 2802 ad
590 2779 623 2803 v.
649 2768 686 2802 in
711 2766 845 2813 Apulia
871 2769 1013 2800 tantum
1044 2763 1272 2800 referendam
1305 2773 1385 2798 esse
1420 2766 1457 2798 et
1482 2773 1526 2798 ex
1560 2760 1745 2798 sententia

196 2832 348 2873 apparet
375 2831 412 2862 et
438 2837 482 2862 ex
506 2825 775 2871 praepositione
801 2825 856 2859 bis
881 2824 1012 2869 posita.
