1787 3043
518 150 849 178 PAEPosrrIOan
883 150 967 177 cum
1004 150 1152 177 Aecus.
1544 137 1594 175 73

71 268 142 303 tur
171 262 380 303 distracta
409 260 620 302 vocabula
649 275 764 315 quam
792 264 886 299 ante
914 275 937 300 a
965 259 1126 314 poetiS‚
1159 274 1289 299 sensu
1315 274 1400 298 non
1430 263 1597 298 mutato

73 330 260 384 quidem,
285 329 359 369 sed
383 343 458 382 per
478 327 613 368 ictum
632 342 908 368 numerorum
930 332 1261 381 gravescente“.
1286 327 1366 376 IV,
1381 328 1481 367 139:
1507 330 1601 366 ante

71 403 139 439 ire.
184 397 238 447 V,
265 399 342 438 737
367 411 430 449 sq.
456 400 550 435 ante
577 420 615 425 ——
645 400 840 448 graditur.
883 395 938 445 V,
964 396 1064 435 168:
1098 398 1192 434 [mace
1213 398 1381 447 quietos.
1424 409 1463 434 v.
1491 395 1598 435 1140

72 470 166 506 ande
191 469 403 506 metutum.

185 531 454 586 Praepositio
478 535 572 571 ante
594 532 632 583 a)
657 531 707 571 de
731 531 826 571 loco
850 530 1022 571 dicitur.
1053 530 1090 580 I,
1116 532 1191 570 62:
1216 534 1310 569 aule
1332 529 1466 569 oeulos
1487 533 1600 570 foede

74 617 163 641 cum
196 604 280 640 vita
311 603 469 640 iaceret.
523 614 563 638 V.
589 599 669 639 342
704 603 852 639 moveri
894 623 934 627 —
974 602 1067 637 ante
1101 598 1248 637 oculos.
1304 612 1344 636 v.
1370 599 1471 637 998:
1508 600 1602 636 ande

75 668 207 708 oculos
228 684 288 708 res
310 684 392 707 rem
414 671 525 708 finire
547 670 718 707 videtur.
760 666 822 716 ΙΙ,
849 668 951 707 113;
984 670 1115 718 imago
1143 668 1236 704 ante
1258 665 1391 704 oeulos
1419 689 1459 694 —
1488 668 1602 705 nobis

74 742 264 776 versatur.
307 734 388 784 IV,
414 736 514 775 979:
544 737 804 775 obversantur
825 737 918 773 ante
941 734 1088 773 oculos.
1131 732 1194 782 ΙΙ,
1221 733 1321 772 732:
1355 736 1448 771 ante
1469 732 1603 771 oeulos

75 820 175 857 quae
197 806 366 843 candida
387 805 525 842 cernis.
567 801 656 852 ΙΙΙ,
683 803 753 842 75:
786 805 879 841 ante
906 801 1039 840 oeulos
1066 804 1180 841 illum
1208 817 1290 840 esse
1321 805 1528 853 potentem
1557 824 1597 828 —

75 877 308 924 queruntur.
340 885 381 909 v.
408 871 508 910 185:
535 873 629 909 ante
651 870 783 909 oculos
805 886 973 922 quorum
996 872 1035 909 in
1059 873 1247 922 promptu
1270 873 1411 908 natura
1432 870 1602 907 videtur.

75 954 117 979 v.
141 940 242 979 488:
279 944 371 978 ante
406 941 539 978 oculos
568 963 608 967 —
637 943 804 978 nostros.
848 952 887 976 v.
918 938 1018 977 995:
1056 940 1150 976 cende
1184 935 1317 975 oculos
1350 940 1421 975 est.
1464 934 1502 983 Ι,
1527 935 1600 974 89:

76 1009 171 1045 ante
192 1019 285 1045 aras
307 1009 474 1046 adstare.
499 1020 540 1044 v.
558 1006 659 1045 352:
685 1009 779 1044 ante
802 1009 920 1045 deum
941 1029 979 1033 —
1003 1003 1170 1044 delubra
1191 1003 1348 1042 deeora.
1373 1001 1454 1052 IV,
1472 1003 1601 1042 1201:

76 1077 249 1127 pandere
277 1077 426 1126 palmas
455 1077 549 1113 ante
580 1077 744 1114 deorum
773 1072 953 1112 delubra.
997 1071 1086 1121 ΙΙΙ,
1111 1073 1182 1111 67:
1220 1076 1260 1111 et
1289 1073 1400 1123 quasi
1427 1073 1505 1110 iam
1534 1072 1605 1109 leti

69 1145 212 1193 portas
235 1144 457 1181 cunctarier
479 1144 585 1180 ante.

190 1208 233 1261 b)
266 1208 318 1249 de
358 1212 552 1262 tempore
593 1209 629 1258 Ι,
662 1210 763 1248 938:
807 1211 900 1247 ante
935 1207 1058 1259 ipsam
1091 1206 1268 1258 qenitam
1305 1208 1492 1245 naturam
1525 1207 1607 1244 ani-

78 1279 236 1317 mantis.

192 1344 302 1395 Apud
336 1342 505 1384 duobus
539 1343 646 1383 locis
679 1342 953 1383 Lucretianis
992 1342 1174 1396 legitur,
1221 1341 1299 1391 VI,
1339 1341 1415 1381 747
1465 1342 1607 1380 Cumas

81 1418 178 1465 aput
201 1415 244 1451 et
266 1426 306 1451 v.
334 1414 413 1452 848
437 1412 548 1463 apud
568 1415 779 1452 Hannonis
786 1410 955 1465 fanum.

200 1478 355 1518 Circum
378 1478 630 1519 adverbium
653 1483 721 1519 est
742 1478 860 1518 hisce
890 1477 934 1518 in
962 1477 1088 1518 locis:
1122 1477 1184 1526 ΙΙ,
1210 1478 1312 1517 325:
1344 1481 1508 1529 totaque
1531 1475 1609 1514 eir-

80 1561 166 1586 cum
198 1563 286 1587 aere
319 1550 534 1587 renidescit
565 1551 698 1588 tellus.
754 1561 794 1586 v.
825 1547 929 1587 329:
974 1552 1013 1586 et
1041 1545 1185 1585 ciream
1229 1548 1401 1585 volitant
1442 1547 1609 1597 equites.

79 1615 116 1664 1,
142 1616 242 1655 387:
275 1618 453 1668 quamvis
481 1615 627 1654 circum
649 1618 915 1656 celerantibus
937 1617 1041 1654 auris
1064 1617 1248 1654 confluat.
1292 1627 1331 1652 V.
1358 1614 1461 1652 512:
1487 1617 1609 1651 mate-

80 1686 178 1722 riem
228 1681 374 1721 circum»
427 1686 595 1723 solidam
648 1689 827 1724 constare
881 1688 1089 1722 necessest.
1157 1696 1196 1721 v.
1235 1681 1357 1720 1089.
1405 1679 1474 1728 II,
1511 1680 1607 1718 618.

40 1742 44 1745 .
84 1751 206 1790 1107.
241 1751 364 1790 1144.
403 1750 491 1800 ΙΙΙ,
517 1752 611 1790 219.
656 1766 696 1790 v.
729 1752 832 1790 403:
869 1753 1048 1803 quamvis
1082 1754 1141 1789 est
1175 1747 1321 1787 circum
1355 1750 1475 1787 caesis
1509 1749 1613 1786 lacer

82 1821 259 1870 undique
286 1821 484 1858 membris.
548 1817 617 1858 Sic
646 1817 750 1858 Itali
787 1821 832 1857 ct
860 1817 1089 1857 Marullus.
1134 1815 1216 1865 IV,
1242 1816 1337 1864 203,
1368 1814 1441 1855 ubi
1470 1827 1612 1853 exem-

83 1884 219 1938 plaria
252 1885 417 1925 habent
450 1886 623 1932 caelum,
660 1885 970 1926 Luchmannus
1005 1883 1179 1938 scripsit
1212 1883 1438 1935 circumque
1470 1885 1611 1934 rigare,

83 1952 110 1992 i.
137 1967 173 1992 e.
198 1953 389 2007 undique.
433 1953 520 2003 ΙΙΙ,
545 1955 641 1994 404.
674 1955 771 1993 408.
804 1955 883 1993 411
913 1952 1060 1992 circum
1088 1954 1238 1992 caedas.
1286 1965 1324 1990 v.
1350 1952 1431 1990 469
1466 1949 1613 1989 circum

84 2027 204 2061 stant.
250 2020 330 2070 IV,
357 2022 424 2060 81.
449 2022 529 2061 340
560 2020 705 2060 circum
728 2024 872 2074 agitur.
916 2036 955 2060 v.
981 2022 1083 2060 400:
1116 2022 1217 2060 atria
1237 2021 1383 2059 versari
1404 2023 1445 2058 et
1466 2016 1613 2056 circum

85 2105 238 2129 cursare
262 2092 468 2129 columnae
494 2106 617 2142 usque
647 2093 745 2130 adeo
774 2094 819 2129 fit
841 2092 901 2129 uti
924 2091 1056 2141 pueris
1078 2091 1289 2127 videantur
1311 2090 1416 2126 cett.
1448 2099 1488 2124 v.
1514 2085 1610 2124 608.

87 2157 142 2207 V,
167 2158 262 2197 359.
295 2159 376 2197 468
411 2156 557 2196 circum
585 2161 720 2207 datus,
757 2156 863 2196 item
890 2156 968 2205 VI,
996 2157 1119 2195 1036.
1151 2154 1204 2204 V,
1229 2155 1326 2194 483.
1359 2154 1438 2193 520
1467 2152 1614 2191 circum

86 2230 313 2274 versantur,
347 2223 451 2264 item
486 2225 567 2274 VI,
599 2226 693 2265 200.
729 2224 783 2274 V,
814 2225 938 2265 1378.
977 2224 1099 2263 1437.
1136 2221 1216 2271 VI,
1250 2222 1345 2262 127.
1383 2222 1478 2261 829.
1515 2220 1610 2258 854.

87 2291 357 2346 Praepositio
389 2296 457 2332 est
485 2292 529 2332 in
550 2292 639 2332 his:
672 2293 709 2342 1,
734 2293 785 2332 38
810 2307 896 2345 sq.:
928 2292 1032 2331 laune
1053 2296 1117 2340 tu,
1141 2293 1243 2340 diva,
1265 2295 1336 2330 tuo
1357 2291 1613 2330 recubantem

89 2377 250 2414 corpore
272 2366 409 2401 sancto
432 2360 579 2400 circum
601 2365 687 2401 fusa
707 2376 836 2413 super.
880 2375 919 2399 v.
945 2359 1019 2399 87:
1046 2362 1108 2399 cui
1130 2362 1249 2399 simul
1269 2361 1397 2398 infula
1418 2355 1615 2407 vimineos

89 2428 236 2468 circum
277 2431 370 2468 data
412 2433 587 2481 comptus
621 2446 665 2470 ex
707 2435 874 2482 utraque
914 2431 998 2481 pari
1031 2430 1224 2467 malarum
1258 2431 1369 2479 parte
1403 2427 1614 2478 profusast.

89 2511 131 2536 v.
158 2497 236 2536 718
267 2495 439 2549 (insula)
468 2511 585 2550 quam
611 2500 771 2537 fluitans
807 2495 953 2535 circum
990 2519 1029 2523 -—
1061 2511 1207 2548 aequor
1232 2498 1391 2535 Ionium
1423 2517 1457 2521 —
1487 2506 1616 2544 aspar-

90 2569 152 2618 git
179 2568 298 2605 virus.
341 2580 381 2604 V.
406 2566 486 2605 937
516 2568 659 2618 pocula
687 2568 846 2604 circum.
889 2562 951 2612 ΙΙ,
977 2564 1079 2603 345:
1109 2562 1255 2602 circum
1276 2558 1616 2614 9·z‘]msj’0misque

91 2635 295 2686 lacusque.
338 2646 378 2672 v.
405 2634 506 2673 635:
544 2637 691 2673 circum
724 2648 903 2686 puerum.
950 2647 989 2670 v.
1014 2632 1096 2671 802
1138 2646 1237 2683 quae
1270 2633 1354 2669 vita
1390 2625 1618 2666 cervicemst

92 2703 256 2749 circum,
292 2715 378 2742 sec.
412 2701 667 2754 Briegerum
700 2699 860 2739 Philol.
897 2696 1040 2747 XXV,
1076 2713 1117 2750 p.
1156 2699 1222 2738 73.
1266 2696 1354 2744 ΙΙΙ,
1385 2696 1486 2735 141:
1522 2698 1617 2734 haec

94 2776 179 2813 loca
200 2775 359 2811 circum.
402 2769 484 2819 IV,
510 2771 584 2809 12:
618 2772 760 2822 pocula
781 2770 940 2808 circum.
982 2780 1023 2805 v.
1050 2767 1153 2807 220:
1185 2769 1322 2806 littora
1343 2767 1502 2804 circum.
1564 2761 1616 2801 In
