1833 3048
804 102 854 136 77

162 234 311 279 poetico
339 242 525 276 sermone,
556 229 620 268 ubi
650 226 965 269 ‘multunummus’
996 244 1016 270 e
1058 233 1228 272 codicum
1267 238 1496 275 auctoritate
1534 238 1586 276 le-

159 298 325 345 gendum
355 308 434 335 esse
476 292 630 333 Vahlen
661 297 761 334 anal.
802 297 898 335 Non.
932 310 967 344 p.
1001 300 1022 333 2
1054 299 1181 337 docuit
1222 301 1282 347 (cf.
1317 297 1435 340 Riese
1474 304 1520 342 ad
1551 304 1587 340 h.

159 364 181 400 l.
216 374 251 409 p.
285 364 364 401 230
394 365 430 400 in
461 363 590 400 adnot.
621 363 774 406 critic).

216 427 374 476 [Similia
417 430 624 475 composita
667 439 713 465 ex
756 431 926 467 oratione
968 443 1079 478 prosa
1110 433 1304 481 desumpta
1348 439 1434 472 sunt
1472 436 1585 473 haec:

72 489 325 533 ‘multicaulis'
377 491 529 543 [Plin.]‚
567 485 799 531 ‘multicolor'
840 495 953 541 (Plin.
989 496 1135 547 Apul),
1180 491 1403 538 ‘multifidus'
1449 502 1587 549 (Liv.)‚

75 555 332 599 ‘multiformis‘
371 560 464 608 (Cic.
497 560 575 598 Col.
606 561 736 605 Plin.)‚
791 561 1015 609 ‘multiiugis'
1053 564 1145 603 (Cic.
1186 563 1296 614 Lim),
1342 555 1586 606 ‘multifarius'

73 625 212 677 (Gen.)
242 628 330 673 etc]
614 669 616 671 ,

213 693 358 731 Eodem
402 694 512 732 modo
542 694 725 731 vocabula
755 705 837 731 cum
867 693 980 731 semi-
1017 699 1224 743 composita
1260 703 1297 735 et
1326 699 1511 745 pedestris
1550 705 1587 738 et

73 760 211 806 poetici
241 761 423 797 sermonis
455 763 554 807 sunt,
583 760 704 796 velut:

74 823 382 863 *semz'atrcztus:
416 830 485 863 sat.
509 825 554 862 fr.
577 828 627 863 47
651 827 711 871 (R.
738 828 827 873 109,
852 828 910 873 5);
944 826 1250 879 *smnipiscinax
1286 832 1329 868 R.
1354 832 1398 869 R.
1420 832 1448 878 Ι,
1472 834 1531 878 13,
1547 834 1583 870 3.

73 889 258 929 semivir:
292 897 361 929 sat.
394 891 440 928 fr.
476 892 550 928 132
583 893 649 936 (R.
688 894 775 937 132,
800 893 841 937 5)
875 898 911 930 et
939 895 1037 940 apud
1069 893 1181 942 Verg.
1214 896 1280 933 Ov.
1311 897 1391 934 Liv.

73 952 350 994 semivocalis:
390 958 435 995 R.
464 957 509 994 R.
543 958 570 1003 I,
603 959 663 1003 17,
690 960 707 994 1
742 946 816 995 ‘alii
846 959 882 995 in
913 963 990 996 tres
1022 965 1149 1006 partes
1180 963 1422 1000 instrumenti
1452 976 1585 1012 genus,

161 1023 291 1061 vocale
315 1023 381 1069 (sc.
413 1024 526 1068 servi)
555 1027 592 1061 et
607 1025 830 1062 semivocale
848 1025 917 1069 (sc.
935 1024 1064 1073 boves)
1087 1031 1123 1063 et
1145 1031 1286 1065 mutum
1305 1026 1372 1076 (sc.
1390 1026 1588 1077 plaustra)'

156 1093 194 1127 et
221 1089 320 1126 idem
351 1100 410 1137 ap.
445 1089 570 1135 Quint.
603 1089 736 1137 Veget.
769 1089 951 1128 Priscian.

210 1154 418 1194 Praeterea
449 1166 469 1192 e
498 1166 671 1193 sermone
699 1156 865 1203 pedestri
896 1158 1113 1196 adnotanda
1143 1162 1271 1207 putavi
1305 1161 1418 1200 haec:

73 1217 340 1274 *bisyllabu82
383 1223 428 1261 L.
469 1222 510 1260 L.
549 1222 615 1268 IX,
660 1224 732 1268 913
775 1218 957 1261 *bit-ira:
1001 1229 1072 1262 sat.
1112 1225 1158 1262 fr.
1190 1228 1270 1264 239
1312 1227 1378 1275 (R.
1413 1229 1500 1275 154,
1542 1230 1585 1275 3)

154 1278 212 1325 ‘ad
242 1288 402 1326 biviram
437 1283 579 1335 venio';
628 1287 725 1326 conf.
759 1277 926 1326 ‘univira'
976 1294 1013 1327 et
1057 1286 1266 1330 'multivira'
1312 1293 1413 1340 apud
1442 1295 1584 1333 Minue.

154 1354 234 1393 Fel.
267 1354 349 1392 Oct.
379 1356 444 1400 24,
469 1356 504 1391 3.

72 1416 341 1459 bumammus:
375 1421 419 1458 R.
439 1421 484 1458 R.
503 1422 549 1467 ΙΙ,
574 1423 608 1465 5,
632 1425 655 1458 4
687 1412 802 1460 ‘uvam
834 1419 1096 1460 buniaminam'
1129 1428 1165 1461 et
1201 1425 1299 1462 idem
1329 1437 1386 1472 ap.
1412 1427 1584 1465 Macrob.

155 1488 232 1526 Sat.
264 1489 300 1534 3,
332 1490 383 1525 20
415 1486 435 1535 ξ
468 1490 490 1525 7
501 1501 507 1533 ς
552 1499 649 1535 quae
679 1499 751 1525 vox
781 1489 942 1535 hybrida
971 1488 1205 1527 conformata
1245 1496 1302 1528 est
1332 1491 1379 1528 ad
1411 1493 1583 1530 similitu-

155 1554 280 1593 dinem
308 1554 506 1592 verborum
528 1566 617 1592 vere
647 1566 870 1602 graecorum
893 1566 973 1592 cum
996 1551 1063 1591 bu-
1085 1558 1388 1602 compositorum,
1420 1569 1516 1604 quae
1545 1560 1584 1597 in

154 1619 310 1657 latinam
340 1620 509 1668 linguam
540 1622 736 1667 transiere,
770 1622 871 1658 velut
901 1618 1124 1665 harmastus,
1158 1618 1345 1659 bumelia.
1403 1624 1499 1662 Vide
1538 1636 1583 1664 ea

153 1698 312 1734 quoque,
359 1698 454 1733 quae
497 1688 620 1725 Varro
658 1689 737 1735 ipse
775 1688 798 1724 1.
831 1700 861 1725 c.
894 1699 913 1725 e
944 1698 1080 1735 graeca
1111 1688 1241 1735 lingua
1270 1688 1383 1726 affert
1411 1693 1447 1726 et
1479 1690 1582 1728 Serv.

153 1753 201 1791 ad
230 1754 344 1802 Verg.
378 1755 516 1804 Georg.
549 1756 598 1801 Π,
625 1758 700 1794 102
726 1755 765 1805 ¹).

72 1814 271 1856 domuszb:
301 1825 372 1858 sat.
404 1822 448 1858 fr.
486 1824 563 1859 517
596 1821 657 1868 (R.
690 1824 779 1868 223,
806 1821 844 1868 4)
877 1822 1095 1869 ‘Diogenem
1125 1822 1272 1858 litteras
1303 1823 1427 1868 scisse,
1453 1822 1582 1862 domu-

153 1887 248 1923 sioni
278 1888 375 1934 quod
416 1889 508 1924 satis
539 1880 660 1933 esset',
702 1888 799 1934 quod
830 1887 1053 1925 Vocabulum
1087 1888 1230 1932 primus
1261 1881 1483 1923 Buecheler
1511 1890 1581 1929 Rh.

154 1951 252 1989 Mus.
272 1952 366 1989 XIII
387 1964 422 1998 p.
444 1954 518 1990 58ss
540 1942 704 1990 restituit
729 1965 748 1990 e
767 1954 878 1991 Nonii
897 1953 1066 1990 codicum
1092 1953 1272 1998 vestigiis:
1310 1948 1406 1989 (lum
1430 1953 1582 1993 visione

152 2017 199 2055 W
230 2029 265 2064 p.
299 2019 397 2066 2483
448 2014 545 2055 (lum
575 2016 724 2055 ,usioni
769 2020 817 2057 W
848 2020 940 2056 231.
973 2019 1008 2054 II
1039 2020 1082 2056 L.
1155 2019 1259 2055 Idem
1305 2030 1337 2056 v.
1382 2025 1581 2066 praeterea

153 2087 259 2121 extat
289 2085 446 2121 Petron.
478 2089 549 2121 sat.
582 2086 652 2130 463
685 2087 749 2122 48.

208 2150 319 2187 Addo
349 2152 529 2188 nonnulla
559 2151 793 2188 substantiva
823 2152 1040 2197 composita,
1083 2162 1178 2197 quac
1218 2162 1441 2198 quamquam
1481 2153 1580 2199 apud

70 2215 188 2254 solum
206 2217 419 2254 Varronem
451 2218 508 2253 vel
539 2218 637 2263 apud
674 2217 773 2255 hunc
800 2219 961 2264 primum
992 2221 1027 2254 et
1057 2217 1190 2255 deinde
1221 2218 1319 2264 apud
1349 2220 1581 2264 posteriores

186 2391 211 2435 ¹)
238 2395 281 2425 ef.
308 2392 496 2425 Lehmann:
532 2383 594 2424 ‘De
621 2393 692 2425 vini
726 2396 817 2437 apud
853 2397 1023 2429 Romanos
1052 2400 1221 2439 apparatu
1258 2393 1420 2439 curaque'
1459 2400 1580 2442 Progr-

71 2450 198 2493 Gymn.
234 2450 478 2491 Wernigerod.
517 2451 599 2481 1872
635 2462 667 2492 p.
695 2455 733 2482 4:
774 2444 940 2490 'Quacum
974 2455 1047 2485 vite
1080 2453 1303 2495 (bimammia)
1336 2466 1402 2487 non
1437 2458 1581 2488 confun-

70 2506 183 2538 denda
210 2512 261 2538 est
288 2507 367 2538 vitis
394 2507 593 2538 buinainina
618 2510 690 2539 sivo
726 2508 914 2551 bumastus,
950 2512 1049 2542 cuius
1082 2522 1169 2542 uvae
1202 2516 1259 2542 aut
1291 2513 1383 2554 nigri
1419 2518 1478 2544 aut
1508 2514 1578 2546 albi

69 2563 200 2595 coloris
227 2568 323 2594 erant
351 2569 384 2594 et
410 2575 577 2596 mammae
605 2565 752 2596 bovina(¹
778 2566 886 2598 instar
919 2569 1176 2610 turgescebant.
1227 2569 1426 2610 Magnitudo
1462 2580 1578 2602 earum

68 2631 213 2651 uvarum
229 2621 296 2650 iam
316 2632 357 2651 ex
375 2621 511 2662 syllaba
527 2620 619 2665 βου-
635 2623 814 2655 vocabulis
832 2617 972 2669 μαότός
989 2630 1021 2655 et
1040 2636 1186 2656 mamma
1204 2627 1405 2668 praeposita
1422 2634 1576 2668 apparet3

69 2687 144 2709 eam
172 2678 263 2709 enim
292 2678 414 2709 Graeci
450 2679 491 2709 de.
516 2678 617 2710 bovis
654 2681 890 2721 magnitudini*
925 2683 1119 2723 cogitantes
1153 2684 1351 2715 nominibus
1387 2685 1577 2726 amplarum

68 2746 185 2767 rerum
211 2745 424 2776 praeponere
450 2732 629 2769 solebant'..
