1833 3048
729 102 782 107 ἡ
847 81 898 116 86
961 101 1017 106 -,

102 196 172 240 via
204 210 329 251 quam
361 195 440 238 mel
481 195 616 248 venii&
658 192 763 235 item
806 193 1056 238 zdlissimo
1089 194 1112 236 I
1145 198 1241 246 22,2
1283 196 1355 239 uba·
1395 210 1443 239 ea
1475 200 1511 250 et
1543 197 1649 239 bona

102 272 139 311 et
162 267 358 322 proxime
389 270 425 309 et
456 266 658 309 vilissimo
692 265 771 308 emi
798 269 1010 320 poter‘cmt.

226 335 378 379 Cicero
400 334 444 377 in
468 334 737 377 orationibus
761 346 928 387 semper
959 336 1167 386 quantum
1199 333 1338 388 video,
1371 333 1444 377 ubi
1465 333 1651 387 pretium

103 418 385 461 expressurus
404 408 486 458 est,
506 405 646 448 utitur
662 405 840 448 vocibus
859 405 913 447 ab
933 404 1163 447 adiectivis
1180 421 1373 462 maymcs,
1388 419 1549 457 parvus
1565 408 1649 447 etc.

104 477 314 520 derivatis
332 478 506 529 praeter
517 487 647 518 unum
664 474 875 517 orationis
888 476 1120 527 suspectae
1137 475 1277 517 locum
1295 474 1347 517 de
1360 474 1468 517 dom.
1494 478 1649 522 44‚115

103 550 277 593 dimidio
301 549 444 591 carius
466 562 596 590 emere
617 559 743 598 Quam
765 547 1008 599 aestimare:
1045 544 1246 587 similiter
1269 547 1412 590 carius
1433 548 1653 590 aestimare

103 619 296 662 Plancus
319 616 432 670 apud
457 615 546 659 Cic.
570 616 680 658 Fam
704 616 753 657 X
777 619 857 669 4‚2.
911 615 1013 658 Sine
1039 614 1165 671 dubio
1197 615 1334 669 igitur
1355 615 1425 658 hic
1452 627 1556 658 usus
1579 615 1653 658 ad-

103 687 243 733 verbii
275 703 370 732 care
401 685 612 729 cotidiani
643 685 913 739 potissimum
946 685 1154 728 sermonis
1187 688 1294 728 erat.

220 759 257 813 I,
293 762 389 812 2,1o
415 773 543 814 poma
574 763 757 802 cenetam
788 762 937 802 contra
968 772 1135 801 (ewulm.

226 835 262 871 5.
295 830 419 870 Illic
453 828 504 871 de
536 830 730 880 tempore
764 826 923 869 dicitur
953 827 978 869 Ι
1004 830 1119 877 13‚6:
1152 829 1242 871 illie
1274 829 1527 873 laudabatur
1556 829 1657 872 villa

108 904 198 950 etc3
245 898 468 942 antecedit
520 898 633 942 enim
674 900 740 942 illi
781 897 806 939 1.
840 910 875 940 e.
919 899 1101 954 antiqui.
1166 896 1349 951 Saepius
1380 900 1470 942 ibi:
1500 898 1526 940 Ι
1559 901 1655 951 23,3

101 973 298 1029 proximo
331 986 465 1022 mmm
498 969 541 1014 V
575 973 595 1010 7
605 972 627 1009 3
648 989 703 1003 =
750 971 799 1013 m
831 970 943 1012 bello.

227 1045 264 1082 6.
306 1042 549 1092 Inquam
591 1042 674 1082 etc.
718 1051 818 1082 raro
867 1051 962 1082 cum
1010 1037 1161 1082 dativo
1209 1037 1412 1092 coniungi
1454 1038 1561 1081 dicit
1598 1038 1657 1081 M.

113 1111 324 1162 Schmidt,
372 1112 416 1154 J.
455 1111 611 1154 Jahrb.
665 1113 847 1163 14.3‚197
898 1109 971 1162 qui
1018 1108 1144 1152 credo
1193 1108 1463 1164 distinguere
1511 1107 1660 1151 debuit

114 1186 259 1226 utrum
292 1181 469 1225 dativus
500 1181 627 1225 iuxta
663 1181 841 1225 verbum
879 1179 1047 1223 finitum
1085 1179 1311 1233 appositus
1344 1179 1403 1222 sit
1436 1192 1492 1222 an
1524 1179 1579 1221 ab
1612 1191 1661 1221 eo

114 1255 358 1307 separatus.
410 1251 542 1295 Nullo
575 1252 688 1294 enim
722 1265 775 1294 ex
807 1250 1003 1294 omnibus
1037 1262 1143 1302 quos
1177 1249 1305 1292 affert
1336 1250 1442 1293 locis
1475 1252 1661 1302 utraque

111 1324 247 1369 verba
280 1322 511 1365 coniuncta
545 1325 647 1366 sunt
678 1325 851 1376 praeter
893 1321 1030 1364 solum
1069 1320 1190 1363 illum
1223 1320 1507 1374 epistularum
1540 1319 1662 1363 Cice-

110 1393 228 1437 ronis
259 1394 397 1436 locum
431 1392 505 1448 (ad
537 1393 637 1436 Att.
662 1394 703 1438 V
730 1392 815 1448 1‚3)
838 1391 911 1435 ubi
948 1390 1112 1446 legitur
1147 1394 1286 1448 inquit
1317 1394 1434 1436 mihi.
1484 1391 1663 1435 Sollem-

114 1464 183 1508 nis
215 1467 362 1508 autem
399 1463 537 1507 forma
580 1464 714 1507 etiam
753 1463 868 1517 apud
899 1463 1143 1507 Varronem
1181 1462 1294 1505 satis
1332 1462 1534 1515 frequens
1573 1463 1661 1504 est:

112 1535 137 1578 Ι
170 1539 288 1589 2,18;
322 1535 347 1577 Ι
381 1539 454 1587 26;
489 1535 539 1578 ΙΙ
574 1539 659 1587 1,1;
694 1535 744 1577 II
768 1538 853 1588 3‚1;
887 1534 938 1576 ΙΙ
966 1537 1055 1586 4,1:
1088 1533 1139 1575 ΙΙ
1172 1537 1250 1583 53.
1298 1532 1504 1576 Eiusdem
1536 1544 1664 1587 gene-

113 1606 174 1648 ris
213 1613 282 1649 est
320 1605 504 1648 formula
548 1606 629 1650 Cui
671 1622 740 1662 eqo
782 1603 939 1647 omisso
972 1604 1122 1647 verbo:
1161 1604 1212 1646 Π
1244 1607 1363 1657 4,12;
1403 1604 1427 1646 I
1460 1606 1575 1656 44‚3.
1609 1625 1664 1632 —-

117 1676 285 1720 Contra
316 1677 393 1718 III
426 1680 493 1729 3,8
527 1676 709 1730 legitur:
754 1691 843 1721 ozon
874 1681 933 1730 tto,
967 1676 1111 1730 inquit
1141 1675 1259 1729 mihi,
1304 1690 1399 1718 cum
1437 1677 1521 1717 etc.
1556 1684 1667 1725 quae

119 1746 348 1790 collocatio
381 1746 517 1789 etiam
549 1746 664 1800 apud
695 1747 938 1792 Varronem
969 1757 1084 1787 rara.

235 1817 401 1860 Notum
434 1819 502 1860 est
535 1820 580 1859 et
613 1829 639 1859 a
672 1816 721 1860 O.
754 1817 804 1858 F.
839 1816 908 1857 W.
946 1815 1130 1858 Miillero
1171 1814 1296 1867 (Phil.
1334 1818 1398 1867 17,
1420 1814 1666 1865 510—513)

122 1891 223 1941 post
255 1887 365 1930 alios
407 1887 770 1933 demonstratum,
813 1885 1054 1928 subiectum
1094 1897 1189 1927 cum
1221 1897 1261 1928 v.
1295 1886 1439 1941 inquit
1471 1883 1669 1927 coniunc-

118 1962 212 2002 tum
243 1958 334 2001 fere
367 1970 535 2012 semper
565 1960 664 2011 post
697 1958 841 2013 inquit
871 1955 983 2009 poni.
1048 1954 1237 2008 Excepti
1269 1957 1371 1997 sunt
1403 1953 1543 2008 pauci,
1578 1953 1669 1996 fere

122 2031 302 2083 septem,
336 2028 421 2071 loci
453 2028 693 2081 Ciceronis,
742 2030 920 2080 praeter
951 2037 1056 2078 quos
1089 2024 1247 2067 Miiller
1278 2025 1305 2066 l.
1340 2037 1373 2066 c.
1410 2036 1538 2067 unum
1570 2026 1668 2066 tan-

121 2103 215 2142 tum
252 2098 371 2142 Livii
410 2099 551 2142 locum
583 2098 715 2141 affere
748 2110 794 2140 se
825 2108 952 2150 posse
984 2095 1061 2138 ait.
1097 2095 1192 2149 Ego
1225 2095 1330 2138 duos
1362 2094 1478 2137 locos
1510 2095 1672 2139 Varro-

119 2170 275 2214 nianos
318 2168 503 2212 addam:
537 2169 562 2211 I
605 2173 701 2222 22,3
741 2169 905 2224 Itaque,
947 2167 1059 2211 Stolo
1098 2168 1251 2222 inquit,
1294 2168 1377 2207 etc.
1411 2166 1457 2207 et
1479 2165 1555 2207 III
1578 2167 1671 2213 17,8

121 2242 270 2297 Atque,
294 2242 364 2285 ille
385 2242 540 2296 inquit,
573 2255 663 2285 ozon
690 2242 834 2283 minor
861 2253 966 2283 cum
988 2272 996 2281 .
1023 2272 1029 2280 .
1056 2272 1063 2280 .

246 2315 282 2353 7.
313 2312 532 2353 Plures:
563 2311 639 2353 III
661 2314 754 2363 124
774 2324 931 2366 ί(μηρφα
964 2309 1222 2352 cochlearmn
1244 2314 1346 2352 ..eunt
1361 2308 1494 2363 plura
1515 2304 1589 2347 cfr.
1625 2304 1672 2347 F.

123 2381 298 2434 Knoke,
332 2382 374 2424 J.
407 2381 563 2424 Jahrb.
602 2384 781 2432 143,271
818 2393 857 2422 n.
894 2383 931 2421 8.

244 2456 280 2494 8.
309 2453 577 2504 Reliquus
605 2450 656 2493 de
684 2450 828 2494 altera
856 2462 908 2492 ex
935 2448 1101 2492 duabus
1128 2447 1256 2490 rebus
1280 2446 1442 2489 dictum
1464 2456 1675 2498 nusquam

127 2522 241 2577 apud
274 2522 509 2576 scriptores
537 2521 627 2577 legi
648 2524 826 2575 praeter
848 2520 968 2566 VIII
991 2522 1013 2558 6
1038 2520 1105 2562 Ad
1126 2519 1233 2562 illud
1251 2532 1388 2574 9971113
1409 2518 1519 2571 quod
1532 2517 1674 2572 prius,

126 2595 305 2638 historia
338 2609 440 2650 opus
473 2599 552 2647 επ,-
587 2627 593 2636 .
620 2627 627 2636 .
654 2627 661 2635 .
697 2594 750 2636 cccl
781 2592 991 2646 reliquum
1016 2605 1164 2646 yemis,
1199 2589 1307 2643 quod
1335 2588 1557 2643 posterius,
1590 2601 1675 2629 ars.

247 2667 284 2704 9.
318 2664 501 2716 Specie
539 2674 565 2705 a
596 2662 798 2716 Dragero
832 2663 855 2713 ξ
891 2664 941 2701 85
977 2672 1029 2702 ex
1061 2656 1273 2704 Varronis
1305 2656 1428 2699 libris
1460 2654 1679 2710 profertur

132 2732 250 2775 inter
291 2744 343 2775 ea
386 2733 519 2776 verba
568 2730 782 2785 simplicia
815 2742 924 2783 quae
971 2741 1045 2782 pro
1093 2726 1344 2781 compositis
1384 2726 1531 2780 posita
1574 2724 1676 2779 sint,

131 2814 389 2856 quamquam
437 2802 530 2856 ipse
572 2803 715 2848 Varro
757 2801 825 2846 VI
869 2804 920 2841 82
968 2800 1048 2843 hoc
1094 2798 1272 2841 verbum
1314 2797 1540 2849 antiquum
1583 2806 1680 2838 esse

132 2874 339 2916 testatur.
374 2896 428 2902 —-
461 2872 527 2915 At
574 2871 667 2926 ipse
715 2884 764 2914 eo
806 2882 908 2914 usus
951 2873 1044 2913 est:
1092 2879 1192 2912 nam
1233 2870 1411 2922 praeter
1455 2865 1681 2909 formulam
