1833 3048
735 52 1024 90 -23-

104 185 140 221 p.
183 173 262 210 755
287 169 315 210 h
354 167 426 221 qui
464 169 613 209 tamen
650 165 790 208 minus
828 167 948 207 recte
981 164 1088 206 dicit
1126 163 1259 217 ,‚iam“
1297 162 1411 216 apud
1442 161 1653 205 Catonem

106 240 258 282 deesse
290 238 552 292 particulam
585 238 698 281 enim
730 248 762 277 s.
793 251 917 280 nam:
938 235 1063 276 immo
1086 235 1196 276 haec
1218 236 1286 275 est
1308 232 1496 286 pristina
1518 231 1655 273 forma

105 308 327 362 loquendi,
372 312 421 350 ut
463 319 533 349 res
574 307 698 359 ipsae
738 305 873 348 solum
917 304 1061 348 verbis
1101 303 1416 357 exprimantur3
1451 302 1523 355 qui
1553 314 1656 345 vero

107 391 293 422 conexus
326 378 443 420 inter
475 377 671 431 singulas
703 388 774 418 res
807 375 1075 423 intercedat,
1112 374 1156 416 id
1188 373 1464 416 audientibus
1496 372 1657 415 intelli-

107 450 292 504 gendum
347 447 638 499 relinquatur:
694 445 972 488 audientibus
1026 444 1137 497 dico,
1187 456 1288 486 nam
1345 443 1389 484 in
1447 442 1659 485 audiendo

107 520 219 562 talia
257 519 392 561 multo
430 517 602 559 facilius
640 516 899 570 percipimus
943 527 1070 567 quam
1102 514 1147 556 in
1178 513 1361 568 legendo
1396 512 1491 567 (cfr.
1525 512 1659 555 etiam

110 589 349 644 Segebade‚
384 588 499 630 Diss.
534 587 635 630 Hal.
669 587 738 631 IV
768 600 807 639 p.
845 588 925 625 305
961 588 1006 626 et
1038 598 1077 637 p.
1115 586 1228 635 309).

226 659 425 710 Denique
459 657 702 711 asyndeton
735 656 867 698 etiam
903 655 1017 708 apud
1039 656 1281 699 Varronem
1313 653 1569 706 saepissime
1600 653 1659 696 in-

109 729 249 773 veniri
293 741 384 770 cum
428 726 716 780 parallelismi
748 729 793 769 et
826 725 1008 768 chiasmi
1040 724 1188 767 formis
1221 723 1514 777 coniunctum,
1548 723 1663 766 infra

111 798 493 842 demonstrandum
536 797 620 839 erit
661 797 706 838 in
753 808 801 839 eo
850 795 997 848 capite
1039 807 1119 848 quo
1163 794 1391 837 collocatio
1435 795 1664 837 verborum

110 868 418 913 illustrabitur.

861 937 884 989 g
919 940 986 976 22.

233 1022 300 1064 De
334 1021 396 1064 eis
430 1019 671 1063 enuntiatis
704 1031 814 1072 quae
847 1031 926 1072 ope
959 1017 1307 1060 coniunctionum
1338 1016 1454 1060 inter
1486 1029 1533 1060 se
1569 1029 1666 1058 nec-

113 1095 268 1136 tuntur
299 1093 379 1134 hoc
411 1104 541 1133 unum
572 1090 718 1133 facere
750 1101 834 1132 non
866 1101 1038 1143 possum
1072 1088 1173 1141 quin
1201 1100 1391 1142 premam
1415 1087 1670 1141 saepissime

114 1165 357 1210 Varronem
406 1161 647 1204 enuntiatis
696 1173 831 1212 aequo
880 1160 1028 1202 ordine
1079 1159 1236 1212 positis
1281 1158 1415 1200 etiam
1457 1161 1549 1200 tum
1590 1157 1670 1211 uti,

116 1247 209 1276 cum
234 1232 467 1276 secundum
491 1234 731 1274 ceterorum
764 1230 1024 1284 scriptorum
1057 1229 1408 1272 consuetudinem
1441 1231 1671 1282 exspectes

117 1304 442 1347 enuntiatorum
475 1301 656 1344 formam
687 1300 1027 1355 hypotacticam.
1088 1300 1186 1342 Hoc
1217 1300 1330 1342 enim
1361 1299 1432 1342 vel
1464 1311 1672 1341 summum

116 1374 347 1417 discrimen
379 1376 448 1415 est
481 1373 592 1425 quod
622 1372 802 1414 intersit
824 1371 940 1414 inter
963 1370 1174 1415 Varronis
1197 1382 1436 1412 sermonem
1460 1372 1504 1412 et
1528 1381 1671 1411 eorum

117 1444 189 1497 qui
228 1443 339 1486 artis
381 1443 626 1486 rhetoricae
667 1445 904 1495 praecepta
944 1441 1084 1484 secuti
1127 1440 1413 1483 elocutionem
1455 1439 1671 1492 perpolire

118 1514 399 1558 studuerunt:
444 1514 527 1556 hac
559 1513 603 1555 in
634 1526 681 1555 re
712 1515 890 1566 praeter
923 1515 1071 1554 cetera
1103 1511 1261 1553 nititur
1294 1509 1529 1553 similitudo
1563 1521 1673 1562 quae

117 1584 330 1631 Varronis
363 1584 549 1626 sermoni
582 1587 650 1626 est
684 1596 778 1625 cum
811 1582 980 1625 dicendi
1013 1581 1324 1624 consuetudine
1357 1580 1590 1622 cotidiana.

235 1655 443 1708 Exemplo
477 1655 536 1697 sit
559 1654 711 1697 Cicero
744 1653 817 1706 qui
849 1653 960 1705 quod
992 1652 1077 1694 alio
1110 1664 1306 1694 sermone
1338 1650 1479 1693 utitur
1509 1650 1554 1693 in
1586 1649 1674 1703 epi-

119 1725 267 1775 stulis,
312 1725 398 1767 alio
442 1725 487 1767 in
530 1724 820 1777 orationibus,
865 1736 917 1765 ea
955 1722 1226 1776 potissimum
1264 1722 1309 1763 in
1346 1733 1394 1763 re
1427 1719 1674 1762 differentia

118 1796 264 1850 posita
297 1799 379 1843 est,
414 1796 526 1848 quod
557 1795 601 1837 in
635 1794 878 1837 orationum
911 1806 1070 1847 genere
1103 1791 1274 1835 dicendi
1306 1790 1536 1835 enuntiata
1558 1790 1676 1832 inter

120 1879 166 1910 se
199 1868 529 1920 subiunguntur,
563 1865 654 1907 illic
687 1864 1018 1919 coniunguntur.

238 1937 422 1991 Singula
455 1940 601 1979 autem
634 1935 831 1988 exempla
864 1934 1110 1977 exscribere
1142 1933 1216 1977 vix
1237 1932 1412 1976 videtur
1435 1944 1538 1985 opus
1563 1943 1671 1984 esse,

121 2007 324 2060 quoniam
358 2007 598 2059 quicunque
630 2006 701 2049 vel
733 2018 873 2059 pauca
896 2004 1107 2050 Varronis
1139 2003 1299 2058 legerit
1331 2003 1444 2045 hanc
1467 2001 1674 2045 sermonis

122 2078 388 2122 Varroniani
450 2077 764 2130 proprietatem
826 2088 911 2118 non
963 2075 1314 2118 animadvertere
1365 2086 1449 2116 non
1500 2071 1675 2126 poterit.

121 2149 367 2191 Praeterea
399 2148 515 2190 infra
548 2148 628 2190 hoc
659 2146 766 2190 illud
798 2146 1037 2199 exemplum
1068 2145 1152 2199 ipsi
1186 2145 1326 2188 obiter
1357 2146 1602 2198 tangemus

763 2461 937 2514 Caput
968 2461 1032 2503 II.

518 2568 588 2612 De
621 2564 894 2611 enuntiatis
927 2563 1284 2610 subordinatis.

837 2682 862 2739 s
896 2686 963 2725 23.

247 2767 547 2809 Transeuntes
585 2766 672 2809 iam
711 2765 768 2808 ad
806 2777 881 2807 eas
914 2763 1239 2807 enuntiationes
1271 2761 1315 2804 in
1348 2761 1501 2814 quibus
1534 2760 1678 2802 altera

128 2850 230 2891 pars
264 2849 318 2879 ex
349 2837 493 2879 altera
525 2837 698 2890 pendet,
732 2836 838 2878 item
870 2833 1119 2877 debebimus
1152 2831 1432 2886 distinguere,
1457 2832 1600 2872 utrum
1623 2829 1679 2872 ad
