1833 3048
841 84 892 119 27

228 218 400 264 Denique
441 217 659 255 vocabulum
701 218 821 260 addo,
864 219 962 265 quod
1021 229 1241 266 quamquam
1278 218 1375 264 apud
1418 219 1626 256 Varronem

119 289 155 320 et
194 284 357 330 primum
389 287 427 320 et
455 284 572 320 solum
603 285 794 321 invenitur
823 295 866 321 ex
907 285 1064 332 linguae
1094 285 1320 330 antiquioris
1360 284 1468 331 copia
1499 295 1628 330 sump-

119 354 195 386 tum
226 354 300 386 est:

118 411 364 465 *sebruatiot
394 416 436 453 L.
468 416 511 453 L.
543 416 607 454 Vl.
642 417 690 452 13
722 410 818 452 'nam
840 421 877 454 et
899 417 1126 464 Lupercalia
1147 410 1361 459 februatio'.
1394 414 1493 461 quod
1516 426 1546 450 v.
1578 425 1625 451 ex

199 481 330 529 lingua
351 493 460 519 sacra
481 483 742 529 depromptum
774 487 843 519 est.

818 547 838 596 ἓ
872 551 906 586 6.

230 613 470 651 Substantiva
499 616 534 650 in
565 619 677 650 -tura
716 616 905 658 exeuntia,
945 627 1040 662 quae
1079 626 1176 652 nunc
1216 614 1324 652 nobis
1355 611 1625 660 pertractanda

117 684 213 724 sunt,
246 690 327 716 cum
361 682 557 717 maximam
588 690 734 727 partem
755 684 792 719 in
818 683 864 719 iis
885 682 996 718 rebus
1012 681 1263 721 inveniantur,
1293 690 1388 726 qnae
1409 679 1455 715 ad
1478 678 1625 724 agrico-

118 745 239 782 larum
270 750 308 782 et
336 747 562 783 rusticorum
592 749 746 794 negotia
774 749 975 795 pertinent,
1018 748 1163 793 vulgari
1194 746 1428 792 potissimum
1460 745 1624 781 sermoni

119 813 307 856 placuisse
337 812 517 850 arbitror.
577 814 711 863 Itaque
742 814 840 861 apud
872 814 1080 850 Varronem
1111 823 1257 859 quoque
1294 813 1425 849 horum
1464 810 1624 847 voeabu-

118 878 238 915 lorum
270 880 450 916 maiorem
482 885 631 925 partem
661 881 697 916 in
728 879 834 917 libris
865 881 911 918 de
932 879 988 916 Re
1010 880 1165 917 Rustica
1193 879 1344 924 scriptis
1375 881 1504 914 extare
1534 887 1624 912 eon-

120 948 343 981 sentaneum
372 950 449 990 est;
484 958 529 983 ex
560 946 692 993 quibus
721 947 895 983 videntur
925 946 1115 983 afferenda
1147 956 1228 982 esse
1256 944 1365 981 haec:

119 1006 373 1047 admissura:
409 1012 453 1048 R.
489 1013 532 1049 R.
564 1012 613 1053 ΙΙ,
646 1015 681 1056 5,
718 1014 787 1059 12;
820 1013 867 1053 ΙΙ,
903 1015 933 1057 1,
966 1013 1039 1056 26,
1072 1011 1119 1057 ΙΙ,
1153 1014 1189 1056 4,
1235 1012 1259 1047 8
1299 1010 1430 1047 eadem
1470 1010 1624 1046 notione

204 1087 278 1122 qua
309 1077 502 1125 admissio,
534 1089 647 1125 quam
669 1089 783 1125 supra
803 1079 994 1123 adnotavi,
1026 1081 1258 1124 usurpatum.
1291 1077 1498 1113 Praeterea
1526 1075 1623 1112 idem

204 1147 309 1179 extat
339 1155 398 1189 ap.
433 1143 512 1181 Col.
546 1143 642 1181 Plin.
678 1144 774 1182 Stat..
811 1145 936 1188 (silv.)

120 1206 375 1259 sscarptura:
409 1211 455 1248 R.
489 1210 533 1246 R.
568 1210 635 1257 ΙΙΙ,
672 1213 731 1256 16,
767 1212 815 1248 26
846 1205 927 1248 'nec
958 1221 1032 1247 non
1061 1208 1161 1246 aliud
1192 1209 1391 1246 discrimen
1416 1211 1627 1253 sequuntur

203 1276 239 1312 in
273 1270 461 1323 carptum-⁷
494 1277 530 1312 h.
561 1289 592 1314 e.
640 1277 780 1314 dictum
822 1277 868 1314 do
913 1276 1044 1323 apibus
1090 1286 1216 1311 sucum
1248 1284 1268 1310 e.
1298 1273 1452 1311 floribus
1491 1284 1625 1318 expro-

202 1342 403 1379 mentibus.

120 1404 312 1454 farsura:
353 1409 397 1445 R.
430 1409 473 1446 R.
505 1409 571 1451 ΙΙΙ,
605 1410 641 1449 8,
668 1411 715 1454 3;
746 1409 812 1455 ΙΙΙ,
832 1411 866 1455 9,
907 1412 921 1445 1
957 1405 1020 1456 (cs.
1050 1420 1144 1455 quae
1174 1409 1330 1445 adnotat
1361 1400 1623 1451 Schneider-k

204 1475 244 1511 L.
279 1476 319 1511 L.
354 1474 397 1519 V,
436 1478 505 1511 111
543 1481 580 1512 et
624 1470 720 1512 idem
752 1476 851 1522 apud
883 1477 979 1513 Vitr.
1011 1474 1090 1512 Col.
1122 1475 1229 1511 Tert.

111 1538 282 1592 fetura:
315 1540 360 1578 R.
392 1541 438 1578 R.
471 1542 518 1587 ll,
552 1545 586 1578 5.
626 1544 671 1578 12
704 1548 739 1579 et
770 1543 867 1579 idem
899 1553 957 1589 ap.
989 1542 1104 1588 Verg.
1137 1541 1204 1578 ecl.
1239 1542 1276 1584 7,
1309 1540 1386 1576 36:
1415 1549 1544 1586 georg.
1588 1539 1639 1577 3.

208 1608 279 1653 623
312 1606 417 1644 Ovid.
450 1608 547 1644 Plin.

123 1672 350 1722 *μανίιιναῑ
382 1673 428 1709 R.
461 1672 507 1709 R.
539 1673 585 1719 ΙΙ,
622 1677 654 1719 1,
685 1675 734 1711 26
766 1670 883 1711 'deme
923 1675 1014 1711 duas
1058 1686 1120 1711 res
1165 1674 1209 1711 de
1229 1673 1347 1717 mulis,
1379 1672 1626 1709 admissuram

207 1745 244 1777 et
272 1734 491 1786 parturam’.

128 1812 313 1843 tonsura:
346 1806 390 1843 R.
421 1805 466 1842 R.
498 1806 545 1851 ΙΙ,
584 1810 642 1852 11,
677 1808 719 1851 9;
741 1805 787 1850 ΙΙ,
825 1809 883 1851 11,
917 1808 961 1844 6;
995 1806 1036 1842 L.
1054 1805 1095 1841 L.
1114 1806 1158 1849 V,
1177 1806 1225 1840 54
1245 1809 1283 1842 et
1297 1804 1342 1840 id.
1364 1815 1422 1850 ap.
1442 1804 1506 1840 Ov.
1530 1803 1626 1839 Plin.

127 1868 346 1909 *vulsurw
379 1873 423 1909 R.
456 1873 499 1909 R.
532 1873 578 1910 ΙΙ,
616 1876 675 1917 11,
709 1874 730 1909 9
762 1884 810 1909 sc.
842 1872 961 1916 lanae.
993 1883 1087 1918 quae
1116 1871 1319 1917 opponitur
1349 1874 1536 1906 tonsurae.

127 1934 338 1975 volatura:
370 1939 414 1975 R.
447 1939 491 1975 R.
523 1938 589 1978 III.
625 1940 658 1981 5,
693 1939 713 1974 7
745 1933 812 1975 'Ibi
843 1939 952 1983 enim,
987 1938 1023 1974 in
1055 1939 1177 1984 prima
1206 1936 1378 1973 volatura
1411 1946 1492 1972 cum
1523 1934 1625 1971 veni-

208 2011 276 2042 unt
307 2002 378 2054 (sc.
410 2004 531 2050 aves).
563 2007 757 2041 morantur
784 2005 863 2042 dies
893 2015 1033 2050 paucos
1064 2002 1324 2050 requiescendi
1373 1995 1510 2046 causa’,
1556 2010 1626 2046 pro

211 2083 282 2117 quo
327 2071 442 2108 ceteri
493 2071 697 2117 scriptores
746 2066 902 2106 volatus
960 2070 1138 2107 exhibere
1191 2069 1323 2106 solent.
1407 2066 1627 2110 Columella.

208 2138 269 2182 qui
301 2137 401 2174 solus
430 2137 493 2174 illo
524 2137 651 2182 utitur,
684 2148 816 2174 novam
846 2138 918 2173 vim
949 2137 1125 2182 imposuit
1154 2137 1191 2180 8,
1225 2137 1259 2179 9,
1297 2138 1313 2171 1
1359 2129 1544 2171 ‘volatura
1572 2132 1626 2168 ita

208 2208 250 2240 ut
280 2204 439 2250 capitur,
469 2201 637 2241 farturae
667 2196 899 2250 destinatur',
927 2207 963 2239 et
980 2203 1026 2240 id.
1061 2203 1096 2245 8,
1132 2203 1191 2247 10,
1224 2195 1488 2246 5‘faciuntque
1509 2197 1625 2236 avidi-

210 2281 312 2307 orem
343 2263 577 2314 volaturam',
624 2268 757 2315 quibus
789 2270 825 2305 in
875 2270 964 2305 locis
994 2280 1027 2305 v.
1060 2265 1247 2304 vocatura
1280 2267 1317 2304 id
1362 2268 1481 2313 ipsum
1526 2264 1625 2311 quod

211 2337 298 2374 alibi
329 2347 423 2373 aves
450 2334 648 2383 significat.

234 2403 291 2440 Ex
333 2404 469 2439 ceteris
512 2401 692 2439 Varroni-s
733 2401 838 2438 libris
884 2401 1126 2438 memoranda
1157 2404 1242 2437 sunt
1273 2400 1390 2436 haec:

124 2465 359 2506 caelatura:
390 2473 459 2506 sat.
481 2467 528 2506 fr.
562 2469 640 2504 420
672 2469 736 2511 (R.
772 2469 859 2513 199.
891 2468 933 2513 3)
955 2462 1178 2514 ‘appellatur
1199 2478 1220 2504 a
1244 2466 1437 2502 caelatura
1457 2465 1626 2509 eaelum⁷

206 2535 302 2582 quod
332 2535 430 2572 idem
462 2539 568 2572 extat
597 2545 658 2581 ap.
700 2534 801 2572 Suet.
834 2533 929 2570 Plin.
976 2533 1058 2571 Sen.
1100 2534 1206 2580 (ep.).
1244 2532 1420 2569 Ceterum
1452 2530 1498 2568 de
1527 2525 1633 2567 caeli

207 2601 438 2639 derivatione
469 2600 640 2639 conferas
672 2601 714 2638 L.
748 2601 790 2637 L.
824 2601 867 2646 V,
904 2601 950 2636 18
982 2604 1019 2637 et
1051 2601 1112 2641 19,
1145 2599 1205 2636 ubi
1227 2598 1324 2636 hanc
1348 2597 1446 2635 Aelii
1468 2597 1626 2634 Stilonis

208 2679 291 2706 esse
322 2668 448 2705 Varro
478 2668 595 2706 tradit
627 2672 665 2705 et
693 2669 771 2713 ipse
801 2666 910 2703 aliam
943 2666 1138 2712 veriloquii
1177 2665 1360 2702 rationem
1392 2663 1541 2711 probat,
1581 2675 1625 2700 ex

205 2745 277 2780 qua
308 2729 463 2770 caelum
494 2737 615 2771 ortum
647 2744 726 2770 esse
758 2744 778 2769 a
809 2743 910 2769 cat-o
941 2733 1164 2780 suspicatur.
