<?xml version="1.0" encoding="UTF-8"?>
<!DOCTYPE html PUBLIC "-//W3C//DTD XHTML 1.0 Transitional//EN"
    "http://www.w3.org/TR/xhtml1/DTD/xhtml1-transitional.dtd">
<html xmlns="http://www.w3.org/1999/xhtml" xml:lang="en" lang="en">
 <head>
  <title>
</title>
<meta http-equiv="Content-Type" content="text/html;charset=utf-8" />
  <meta name='ocr-system' content='tesseract 3.04.00' />
  <meta name='ocr-capabilities' content='ocr_page ocr_carea ocr_par ocr_line ocrx_word'/>
</head>
<body>
  <div class='ocr_page' id='page_1' title='image "./syntaxislucretia00holtuoft_0479.png"; bbox 0 0 1833 3048; ppageno 0'>
   <div class='ocr_carea' id='block_1_1' title="bbox 829 108 879 143">
    <p class='ocr_par' dir='ltr' id='par_1_1' title="bbox 829 108 879 143">
     <span class='ocr_line' id='line_1_1' title="bbox 829 108 879 143; baseline 0 0"><span class='ocrx_word' id='word_1_1' title='bbox 829 108 879 143; x_wconf 84' lang='lat'>35</span> 
     </span>
    </p>
   </div>
   <div class='ocr_carea' id='block_1_2' title="bbox 113 238 1640 2734">
    <p class='ocr_par' dir='ltr' id='par_1_2' title="bbox 185 238 1632 1148">
     <span class='ocr_line' id='line_1_2' title="bbox 187 238 1625 286; baseline 0.001 -11"><span class='ocrx_word' id='word_1_2' title='bbox 187 250 297 286; x_wconf 90' lang='lat' dir='ltr'>quam</span> <span class='ocrx_word' id='word_1_3' title='bbox 327 238 532 276; x_wconf 87' lang='lat' dir='ltr'>Politianus</span> <span class='ocrx_word' id='word_1_4' title='bbox 562 241 600 276; x_wconf 87' lang='lat' dir='ltr'>et</span> <span class='ocrx_word' id='word_1_5' title='bbox 638 250 722 276; x_wconf 87' lang='lat' dir='ltr'>eum</span> <span class='ocrx_word' id='word_1_6' title='bbox 751 240 867 276; x_wconf 88' lang='lat' dir='ltr'>secuti</span> <span class='ocrx_word' id='word_1_7' title='bbox 901 240 1068 286; x_wconf 76' lang='lat' dir='ltr'>Scaliger</span> <span class='ocrx_word' id='word_1_8' title='bbox 1098 244 1134 277; x_wconf 87' lang='lat' dir='ltr'>et</span> <span class='ocrx_word' id='word_1_9' title='bbox 1166 240 1310 286; x_wconf 88' lang='lat' dir='ltr'>Popma</span> <span class='ocrx_word' id='word_1_10' title='bbox 1340 240 1496 278; x_wconf 82' lang='lat' dir='ltr'>laudant</span> <span class='ocrx_word' id='word_1_11' title='bbox 1526 240 1625 278; x_wconf 89' lang='lat' dir='ltr'>hanc</span> 
     </span>
     <span class='ocr_line' id='line_1_3' title="bbox 188 299 1627 352; baseline 0.002 -12"><span class='ocrx_word' id='word_1_12' title='bbox 188 303 348 341; x_wconf 84' lang='lat' dir='ltr'>formam</span> <span class='ocrx_word' id='word_1_13' title='bbox 379 316 448 351; x_wconf 88' lang='lat' dir='ltr'>pro</span> <span class='ocrx_word' id='word_1_14' title='bbox 479 305 577 352; x_wconf 84' lang='lat' dir='ltr'>vulg.</span> <span class='ocrx_word' id='word_1_15' title='bbox 607 299 798 351; x_wconf 84' lang='lat' dir='ltr'>‘digitale&#39;.</span> <span class='ocrx_word' id='word_1_16' title='bbox 852 305 941 342; x_wconf 87' lang='lat' dir='ltr'>Sine</span> <span class='ocrx_word' id='word_1_17' title='bbox 971 305 1083 343; x_wconf 90' lang='lat' dir='ltr'>dubio</span> <span class='ocrx_word' id='word_1_18' title='bbox 1113 306 1224 343; x_wconf 82' lang='lat' dir='ltr'>lectio</span> <span class='ocrx_word' id='word_1_19' title='bbox 1255 306 1338 344; x_wconf 85' lang='lat' dir='ltr'>cod.</span> <span class='ocrx_word' id='word_1_20' title='bbox 1371 305 1400 341; x_wconf 90' lang='lat' dir='ltr'>P</span> <span class='ocrx_word' id='word_1_21' title='bbox 1432 307 1627 352; x_wconf 86' lang='lat' dir='ltr'>probanda</span> 
     </span>
     <span class='ocr_line' id='line_1_4' title="bbox 188 366 1628 419; baseline 0.001 -12"><span class='ocrx_word' id='word_1_22' title='bbox 188 375 256 419; x_wconf 76' lang='lat' dir='ltr'>est,</span> <span class='ocrx_word' id='word_1_23' title='bbox 289 372 359 407; x_wconf 84' lang='lat' dir='ltr'>etsi</span> <span class='ocrx_word' id='word_1_24' title='bbox 390 371 460 408; x_wconf 88' lang='lat' dir='ltr'>hoc</span> <span class='ocrx_word' id='word_1_25' title='bbox 489 374 636 407; x_wconf 88' lang='lat' dir='ltr'>tantum</span> <span class='ocrx_word' id='word_1_26' title='bbox 675 371 756 408; x_wconf 92' lang='lat' dir='ltr'>loco</span> <span class='ocrx_word' id='word_1_27' title='bbox 797 382 828 407; x_wconf 90' lang='lat' dir='ltr'>v.</span> <span class='ocrx_word' id='word_1_28' title='bbox 861 366 1130 419; x_wconf 78' lang='lat' dir='ltr'>&#39;digitabulum&#39;</span> <span class='ocrx_word' id='word_1_29' title='bbox 1163 373 1369 411; x_wconf 76' lang='lat' dir='ltr'>iuvenitur,</span> <span class='ocrx_word' id='word_1_30' title='bbox 1429 372 1499 410; x_wconf 83' lang='lat' dir='ltr'>Est</span> <span class='ocrx_word' id='word_1_31' title='bbox 1529 374 1628 411; x_wconf 86' lang='lat' dir='ltr'>enim</span> 
     </span>
     <span class='ocr_line' id='line_1_5' title="bbox 188 436 1626 485; baseline 0.001 -13"><span class='ocrx_word' id='word_1_32' title='bbox 188 438 488 482; x_wconf 67' lang='lat' dir='ltr'>instrumentum⁷</span> <span class='ocrx_word' id='word_1_33' title='bbox 533 436 632 484; x_wconf 85' lang='lat' dir='ltr'>quod</span> <span class='ocrx_word' id='word_1_34' title='bbox 677 437 723 474; x_wconf 86' lang='lat' dir='ltr'>ad</span> <span class='ocrx_word' id='word_1_35' title='bbox 755 437 872 474; x_wconf 81' lang='lat' dir='ltr'>olivas</span> <span class='ocrx_word' id='word_1_36' title='bbox 916 438 1126 484; x_wconf 82' lang='lat' dir='ltr'>carpendas</span> <span class='ocrx_word' id='word_1_37' title='bbox 1173 439 1299 485; x_wconf 82' lang='lat' dir='ltr'>digitis</span> <span class='ocrx_word' id='word_1_38' title='bbox 1345 439 1512 476; x_wconf 85' lang='lat' dir='ltr'>induitur</span> <span class='ocrx_word' id='word_1_39' title='bbox 1557 438 1626 484; x_wconf 70' lang='lat' dir='ltr'>vel,</span> 
     </span>
     <span class='ocr_line' id='line_1_6' title="bbox 185 502 1629 552; baseline 0.002 -13"><span class='ocrx_word' id='word_1_40' title='bbox 185 507 226 540; x_wconf 88' lang='lat' dir='ltr'>nt</span> <span class='ocrx_word' id='word_1_41' title='bbox 266 502 496 540; x_wconf 86' lang='lat' dir='ltr'>Sclmeidero</span> <span class='ocrx_word' id='word_1_42' title='bbox 537 503 674 548; x_wconf 66' lang='lat' dir='ltr'>placet„</span> <span class='ocrx_word' id='word_1_43' title='bbox 716 504 1004 541; x_wconf 78' lang='lat' dir='ltr'>instrumentum</span> <span class='ocrx_word' id='word_1_44' title='bbox 1043 505 1209 552; x_wconf 83' lang='lat' dir='ltr'>ligneum</span> <span class='ocrx_word' id='word_1_45' title='bbox 1250 506 1288 542; x_wconf 93' lang='lat' dir='ltr'>in</span> <span class='ocrx_word' id='word_1_46' title='bbox 1329 505 1492 552; x_wconf 81' lang='lat' dir='ltr'>effigiem</span> <span class='ocrx_word' id='word_1_47' title='bbox 1532 504 1629 552; x_wconf 85' lang='lat' dir='ltr'>digi-</span> 
     </span>
     <span class='ocr_line' id='line_1_7' title="bbox 188 569 1631 618; baseline 0.003 -13"><span class='ocrx_word' id='word_1_48' title='bbox 188 572 311 606; x_wconf 81' lang='lat' dir='ltr'>torum</span> <span class='ocrx_word' id='word_1_49' title='bbox 341 569 510 611; x_wconf 88' lang='lat' dir='ltr'>divisum,</span> <span class='ocrx_word' id='word_1_50' title='bbox 551 579 623 614; x_wconf 83' lang='lat' dir='ltr'>quo</span> <span class='ocrx_word' id='word_1_51' title='bbox 667 570 960 616; x_wconf 80' lang='lat' dir='ltr'>comprehensae</span> <span class='ocrx_word' id='word_1_52' title='bbox 998 570 1136 608; x_wconf 84' lang='lat' dir='ltr'>baccae</span> <span class='ocrx_word' id='word_1_53' title='bbox 1172 572 1417 618; x_wconf 86' lang='lat' dir='ltr'>stringantur.</span> <span class='ocrx_word' id='word_1_54' title='bbox 1479 571 1553 609; x_wconf 88' lang='lat' dir='ltr'>Sed</span> <span class='ocrx_word' id='word_1_55' title='bbox 1584 582 1631 608; x_wconf 86' lang='lat' dir='ltr'>ne</span> 
     </span>
     <span class='ocr_line' id='line_1_8' title="bbox 190 633 1630 681; baseline 0.002 -10"><span class='ocrx_word' id='word_1_56' title='bbox 190 635 271 681; x_wconf 87' lang='lat' dir='ltr'>quis</span> <span class='ocrx_word' id='word_1_57' title='bbox 314 635 515 672; x_wconf 78' lang='lat' dir='ltr'>crediderit</span> <span class='ocrx_word' id='word_1_58' title='bbox 563 633 828 673; x_wconf 83' lang='lat' dir='ltr'>formationem</span> <span class='ocrx_word' id='word_1_59' title='bbox 869 637 977 673; x_wconf 81' lang='lat' dir='ltr'>liuius</span> <span class='ocrx_word' id='word_1_60' title='bbox 1017 638 1188 675; x_wconf 74' lang='lat' dir='ltr'>vocabuli</span> <span class='ocrx_word' id='word_1_61' title='bbox 1229 636 1472 675; x_wconf 84' lang='lat' dir='ltr'>offensionem</span> <span class='ocrx_word' id='word_1_62' title='bbox 1514 638 1630 676; x_wconf 86' lang='lat' dir='ltr'>ullam</span> 
     </span>
     <span class='ocr_line' id='line_1_9' title="bbox 190 701 1630 750; baseline 0.003 -13"><span class='ocrx_word' id='word_1_63' title='bbox 190 701 340 747; x_wconf 75' lang='lat' dir='ltr'>habere,</span> <span class='ocrx_word' id='word_1_64' title='bbox 373 713 455 738; x_wconf 91' lang='lat' dir='ltr'>cum</span> <span class='ocrx_word' id='word_1_65' title='bbox 488 702 670 739; x_wconf 79' lang='lat' dir='ltr'>eiusmodi</span> <span class='ocrx_word' id='word_1_66' title='bbox 703 702 940 740; x_wconf 80' lang='lat' dir='ltr'>substantiva</span> <span class='ocrx_word' id='word_1_67' title='bbox 970 715 991 740; x_wconf 88' lang='lat' dir='ltr'>a</span> <span class='ocrx_word' id='word_1_68' title='bbox 1022 703 1202 750; x_wconf 78' lang='lat' dir='ltr'>stirpibus</span> <span class='ocrx_word' id='word_1_69' title='bbox 1230 704 1444 741; x_wconf 80' lang='lat' dir='ltr'>verbalibus</span> <span class='ocrx_word' id='word_1_70' title='bbox 1468 704 1630 742; x_wconf 83' lang='lat' dir='ltr'>derivari</span> 
     </span>
     <span class='ocr_line' id='line_1_10' title="bbox 191 764 1631 817; baseline 0.004 -15"><span class='ocrx_word' id='word_1_71' title='bbox 191 767 337 804; x_wconf 75' lang='lat' dir='ltr'>soleant</span> <span class='ocrx_word' id='word_1_72' title='bbox 369 772 408 804; x_wconf 91' lang='lat' dir='ltr'>ut</span> <span class='ocrx_word' id='word_1_73' title='bbox 442 764 722 807; x_wconf 56' lang='lat' dir='ltr'>z&#39;uee&#39;wbuluuu</span> <span class='ocrx_word' id='word_1_74' title='bbox 758 765 999 805; x_wconf 47' lang='lat' dir='ltr'>‚turabulum</span> <span class='ocrx_word' id='word_1_75' title='bbox 1037 770 1122 816; x_wconf 81' lang='lat' dir='ltr'>alia,</span> <span class='ocrx_word' id='word_1_76' title='bbox 1165 781 1239 807; x_wconf 87' lang='lat' dir='ltr'>non</span> <span class='ocrx_word' id='word_1_77' title='bbox 1280 771 1417 808; x_wconf 87' lang='lat' dir='ltr'>desunt</span> <span class='ocrx_word' id='word_1_78' title='bbox 1456 782 1552 817; x_wconf 86' lang='lat' dir='ltr'>quae</span> <span class='ocrx_word' id='word_1_79' title='bbox 1583 772 1631 808; x_wconf 89' lang='lat' dir='ltr'>ad</span> 
     </span>
     <span class='ocr_line' id='line_1_11' title="bbox 195 834 1630 884; baseline 0.003 -14"><span class='ocrx_word' id='word_1_80' title='bbox 195 834 407 880; x_wconf 79' lang='lat' dir='ltr'>analogiam</span> <span class='ocrx_word' id='word_1_81' title='bbox 454 835 586 871; x_wconf 87' lang='lat' dir='ltr'>horum</span> <span class='ocrx_word' id='word_1_82' title='bbox 632 834 747 871; x_wconf 82' lang='lat' dir='ltr'>verbo</span> <span class='ocrx_word' id='word_1_83' title='bbox 794 847 868 872; x_wconf 90' lang='lat' dir='ltr'>non</span> <span class='ocrx_word' id='word_1_84' title='bbox 913 835 1080 873; x_wconf 84' lang='lat' dir='ltr'>adhibito</span> <span class='ocrx_word' id='word_1_85' title='bbox 1124 849 1145 873; x_wconf 88' lang='lat' dir='ltr'>a</span> <span class='ocrx_word' id='word_1_86' title='bbox 1187 837 1400 874; x_wconf 88' lang='lat' dir='ltr'>nominibus</span> <span class='ocrx_word' id='word_1_87' title='bbox 1446 838 1630 884; x_wconf 84' lang='lat' dir='ltr'>originem</span> 
     </span>
     <span class='ocr_line' id='line_1_12' title="bbox 193 898 1632 950; baseline 0.004 -15"><span class='ocrx_word' id='word_1_88' title='bbox 193 899 344 937; x_wconf 82' lang='lat' dir='ltr'>duxisse</span> <span class='ocrx_word' id='word_1_89' title='bbox 385 900 583 937; x_wconf 78' lang='lat' dir='ltr'>videantur</span> <span class='ocrx_word' id='word_1_90' title='bbox 633 900 692 946; x_wconf 79' lang='lat' dir='ltr'>(cf.</span> <span class='ocrx_word' id='word_1_91' title='bbox 744 898 917 938; x_wconf 54' lang='lat' dir='ltr'>(sm-seen</span> <span class='ocrx_word' id='word_1_92' title='bbox 966 903 1011 938; x_wconf 83' lang='lat' dir='ltr'>K.</span> <span class='ocrx_word' id='word_1_93' title='bbox 1055 902 1098 939; x_wconf 82' lang='grc' dir='ltr'>Β.</span> <span class='ocrx_word' id='word_1_94' title='bbox 1139 915 1175 948; x_wconf 87' lang='lat' dir='ltr'>p.</span> <span class='ocrx_word' id='word_1_95' title='bbox 1216 904 1322 949; x_wconf 72' lang='lat'><strong>3130).</strong></span> <span class='ocrx_word' id='word_1_96' title='bbox 1381 903 1489 940; x_wconf 85' lang='lat' dir='ltr'>Adde</span> <span class='ocrx_word' id='word_1_97' title='bbox 1534 904 1632 950; x_wconf 85' lang='lat' dir='ltr'>quod</span> 
     </span>
     <span class='ocr_line' id='line_1_13' title="bbox 192 962 1628 1018; baseline 0.003 -17"><span class='ocrx_word' id='word_1_98' title='bbox 192 966 328 1013; x_wconf 84' lang='lat' dir='ltr'>legitur</span> <span class='ocrx_word' id='word_1_99' title='bbox 369 966 488 1003; x_wconf 84' lang='lat' dir='ltr'>Gloss.</span> <span class='ocrx_word' id='word_1_100' title='bbox 557 966 678 1004; x_wconf 76' lang='lat' dir='ltr'>Labi).</span> <span class='ocrx_word' id='word_1_101' title='bbox 726 962 891 1014; x_wconf 72' lang='lat' dir='ltr'>&#39;digitale</span> <span class='ocrx_word' id='word_1_102' title='bbox 933 974 966 1005; x_wconf 87' lang='lat' dir='ltr'>et</span> <span class='ocrx_word' id='word_1_103' title='bbox 1009 969 1254 1016; x_wconf 81' lang='lat' dir='ltr'>digitabulum</span> <span class='ocrx_word' id='word_1_104' title='bbox 1298 962 1628 1018; x_wconf 63' lang='grc' dir='ltr'>ὄακτυλὴὕρείς</span> 
     </span>
     <span class='ocr_line' id='line_1_14' title="bbox 200 1028 1630 1082; baseline 0.002 -14"><span class='ocrx_word' id='word_1_105' title='bbox 200 1032 320 1069; x_wconf 85' lang='lat' dir='ltr'>Gloss.</span> <span class='ocrx_word' id='word_1_106' title='bbox 358 1031 478 1069; x_wconf 88' lang='lat' dir='ltr'>Paris.</span> <span class='ocrx_word' id='word_1_107' title='bbox 513 1033 569 1070; x_wconf 89' lang='lat' dir='ltr'>cd.</span> <span class='ocrx_word' id='word_1_108' title='bbox 602 1028 869 1070; x_wconf 66' lang='lat' dir='ltr'>Ilz&#39;l‹lc÷l›1·cmul</span> <span class='ocrx_word' id='word_1_109' title='bbox 906 1029 1178 1082; x_wconf 57' lang='lat' dir='ltr'>‘digitabulunu</span> <span class='ocrx_word' id='word_1_110' title='bbox 1225 1030 1403 1081; x_wconf 80' lang='lat' dir='ltr'>digitum&#39;,</span> <span class='ocrx_word' id='word_1_111' title='bbox 1435 1035 1499 1072; x_wconf 91' lang='lat' dir='ltr'>ubi</span> <span class='ocrx_word' id='word_1_112' title='bbox 1529 1035 1630 1072; x_wconf 92' lang='lat' dir='ltr'>Hild.</span> 
     </span>
     <span class='ocr_line' id='line_1_15' title="bbox 197 1093 919 1148; baseline 0.004 -13"><span class='ocrx_word' id='word_1_113' title='bbox 197 1099 272 1145; x_wconf 79' lang='lat' dir='ltr'>legi</span> <span class='ocrx_word' id='word_1_114' title='bbox 305 1099 412 1135; x_wconf 84' lang='lat' dir='ltr'>iussit</span> <span class='ocrx_word' id='word_1_115' title='bbox 440 1093 617 1146; x_wconf 72' lang='lat' dir='ltr'>‘digitale&#39;</span> <span class='ocrx_word' id='word_1_116' title='bbox 649 1111 717 1146; x_wconf 87' lang='lat' dir='ltr'>pro</span> <span class='ocrx_word' id='word_1_117' title='bbox 749 1101 919 1148; x_wconf 76' lang='lat' dir='ltr'>digitum.</span> 
     </span>
    </p>

    <p class='ocr_par' dir='ltr' id='par_1_3' title="bbox 114 1162 1632 1280">
     <span class='ocr_line' id='line_1_16' title="bbox 226 1162 1217 1215; baseline 0.002 -14"><span class='ocrx_word' id='word_1_118' title='bbox 226 1164 407 1202; x_wconf 81' lang='lat' dir='ltr'>Suffixum</span> <span class='ocrx_word' id='word_1_119' title='bbox 437 1162 571 1202; x_wconf 64' lang='lat' dir='ltr'>-lmum</span> <span class='ocrx_word' id='word_1_120' title='bbox 601 1165 702 1212; x_wconf 85' lang='lat' dir='ltr'>apud</span> <span class='ocrx_word' id='word_1_121' title='bbox 731 1167 940 1205; x_wconf 82' lang='lat' dir='ltr'>Varronem</span> <span class='ocrx_word' id='word_1_122' title='bbox 971 1171 1130 1215; x_wconf 83' lang='lat' dir='ltr'>apparet</span> <span class='ocrx_word' id='word_1_123' title='bbox 1159 1169 1217 1204; x_wconf 90' lang='lat' dir='ltr'>in:</span> 
     </span>
     <span class='ocr_line' id='line_1_17' title="bbox 114 1227 1632 1280; baseline 0.004 -14"><span class='ocrx_word' id='word_1_124' title='bbox 114 1227 407 1268; x_wconf 72' lang='lat' dir='ltr'>ventilahrmn:</span> <span class='ocrx_word' id='word_1_125' title='bbox 458 1231 500 1268; x_wconf 91' lang='lat' dir='ltr'>L.</span> <span class='ocrx_word' id='word_1_126' title='bbox 529 1231 571 1268; x_wconf 93' lang='lat' dir='ltr'>L.</span> <span class='ocrx_word' id='word_1_127' title='bbox 604 1233 649 1275; x_wconf 78' lang='lat' dir='ltr'>V,</span> <span class='ocrx_word' id='word_1_128' title='bbox 696 1234 768 1270; x_wconf 76' lang='lat'>138</span> <span class='ocrx_word' id='word_1_129' title='bbox 808 1227 1082 1280; x_wconf 53' lang='lat' dir='ltr'>‘ventilabrunu</span> <span class='ocrx_word' id='word_1_130' title='bbox 1128 1244 1199 1279; x_wconf 80' lang='lat' dir='ltr'>quo</span> <span class='ocrx_word' id='word_1_131' title='bbox 1230 1234 1433 1271; x_wconf 75' lang='lat' dir='ltr'>ventilatur</span> <span class='ocrx_word' id='word_1_132' title='bbox 1464 1234 1502 1271; x_wconf 90' lang='lat' dir='ltr'>in</span> <span class='ocrx_word' id='word_1_133' title='bbox 1544 1245 1632 1272; x_wconf 84' lang='lat' dir='ltr'>aere</span> 
     </span>
    </p>

    <p class='ocr_par' dir='ltr' id='par_1_4' title="bbox 197 1292 1123 1347">
     <span class='ocr_line' id='line_1_18' title="bbox 197 1292 1123 1347; baseline 0.002 -13"><span class='ocrx_word' id='word_1_134' title='bbox 197 1292 460 1344; x_wconf 78' lang='lat' dir='ltr'>frumentu1n&#39;;</span> <span class='ocrx_word' id='word_1_135' title='bbox 494 1298 592 1335; x_wconf 89' lang='lat' dir='ltr'>idem</span> <span class='ocrx_word' id='word_1_136' title='bbox 622 1309 656 1335; x_wconf 90' lang='lat' dir='ltr'>v.</span> <span class='ocrx_word' id='word_1_137' title='bbox 688 1310 745 1346; x_wconf 88' lang='lat' dir='ltr'>ap.</span> <span class='ocrx_word' id='word_1_138' title='bbox 781 1300 859 1336; x_wconf 87' lang='lat' dir='ltr'>Col.</span> <span class='ocrx_word' id='word_1_139' title='bbox 893 1301 928 1347; x_wconf 78' lang='lat'>2,</span> <span class='ocrx_word' id='word_1_140' title='bbox 966 1302 1026 1341; x_wconf 88' lang='grc'>10,</span> <span class='ocrx_word' id='word_1_141' title='bbox 1065 1302 1123 1336; x_wconf 72' lang='lat'>14.</span> 
     </span>
    </p>

    <p class='ocr_par' dir='ltr' id='par_1_5' title="bbox 113 1361 1634 1744">
     <span class='ocr_line' id='line_1_19' title="bbox 224 1361 1634 1411; baseline 0 -9"><span class='ocrx_word' id='word_1_142' title='bbox 224 1365 369 1403; x_wconf 83' lang='lat' dir='ltr'>Eadem</span> <span class='ocrx_word' id='word_1_143' title='bbox 400 1366 510 1411; x_wconf 85' lang='lat' dir='ltr'>ratio,</span> <span class='ocrx_word' id='word_1_144' title='bbox 535 1375 631 1411; x_wconf 88' lang='lat' dir='ltr'>quae</span> <span class='ocrx_word' id='word_1_145' title='bbox 650 1365 749 1401; x_wconf 86' lang='lat' dir='ltr'>inter</span> <span class='ocrx_word' id='word_1_146' title='bbox 771 1361 928 1402; x_wconf 73' lang='lat' dir='ltr'>-hulum</span> <span class='ocrx_word' id='word_1_147' title='bbox 949 1370 986 1402; x_wconf 88' lang='lat' dir='ltr'>et</span> <span class='ocrx_word' id='word_1_148' title='bbox 1006 1362 1152 1411; x_wconf 74' lang='lat' dir='ltr'>-brum,</span> <span class='ocrx_word' id='word_1_149' title='bbox 1175 1366 1370 1403; x_wconf 79' lang='lat' dir='ltr'>intercedit</span> <span class='ocrx_word' id='word_1_150' title='bbox 1402 1367 1516 1403; x_wconf 87' lang='lat' dir='ltr'>etiam</span> <span class='ocrx_word' id='word_1_151' title='bbox 1536 1366 1634 1404; x_wconf 86' lang='lat' dir='ltr'>inter</span> 
     </span>
     <span class='ocr_line' id='line_1_20' title="bbox 115 1426 1634 1480; baseline 0.001 -13"><span class='ocrx_word' id='word_1_152' title='bbox 115 1426 264 1467; x_wconf 77' lang='lat' dir='ltr'>—culum</span> <span class='ocrx_word' id='word_1_153' title='bbox 299 1435 336 1468; x_wconf 88' lang='lat' dir='ltr'>et</span> <span class='ocrx_word' id='word_1_154' title='bbox 366 1442 510 1477; x_wconf 78' lang='lat' dir='ltr'>-crum,</span> <span class='ocrx_word' id='word_1_155' title='bbox 543 1431 674 1478; x_wconf 89' lang='lat' dir='ltr'>quibus</span> <span class='ocrx_word' id='word_1_156' title='bbox 705 1430 848 1469; x_wconf 83' lang='lat' dir='ltr'>suffixis</span> <span class='ocrx_word' id='word_1_157' title='bbox 880 1431 1114 1469; x_wconf 82' lang='lat' dir='ltr'>conformata</span> <span class='ocrx_word' id='word_1_158' title='bbox 1143 1443 1369 1480; x_wconf 87' lang='lat' dir='ltr'>quamquam</span> <span class='ocrx_word' id='word_1_159' title='bbox 1391 1432 1493 1469; x_wconf 88' lang='lat' dir='ltr'>haud</span> <span class='ocrx_word' id='word_1_160' title='bbox 1513 1443 1634 1478; x_wconf 87' lang='lat' dir='ltr'>pauca</span> 
     </span>
     <span class='ocr_line' id='line_1_21' title="bbox 113 1493 1630 1546; baseline -0.001 -11"><span class='ocrx_word' id='word_1_161' title='bbox 113 1498 214 1544; x_wconf 86' lang='lat' dir='ltr'>apud</span> <span class='ocrx_word' id='word_1_162' title='bbox 244 1498 455 1535; x_wconf 87' lang='lat' dir='ltr'>Varronem</span> <span class='ocrx_word' id='word_1_163' title='bbox 495 1502 625 1535; x_wconf 79' lang='lat' dir='ltr'>extant</span> <span class='ocrx_word' id='word_1_164' title='bbox 664 1497 857 1543; x_wconf 81' lang='lat' dir='ltr'>vocabula,</span> <span class='ocrx_word' id='word_1_165' title='bbox 898 1499 1001 1535; x_wconf 87' lang='lat' dir='ltr'>velut</span> <span class='ocrx_word' id='word_1_166' title='bbox 1040 1493 1346 1544; x_wconf 65' lang='lat' dir='ltr'>adminiculum,</span> <span class='ocrx_word' id='word_1_167' title='bbox 1379 1493 1630 1546; x_wconf 75' lang='lat' dir='ltr'>cenaculum,</span> 
     </span>
     <span class='ocr_line' id='line_1_22' title="bbox 115 1559 1633 1614; baseline -0.001 -15"><span class='ocrx_word' id='word_1_168' title='bbox 115 1559 443 1612; x_wconf 69' lang='lat' dir='ltr'>discerniculum,</span> <span class='ocrx_word' id='word_1_169' title='bbox 486 1560 767 1611; x_wconf 71' lang='lat' dir='ltr'>everriculum,</span> <span class='ocrx_word' id='word_1_170' title='bbox 796 1560 1021 1614; x_wconf 70' lang='lat' dir='ltr'>piaculum,</span> <span class='ocrx_word' id='word_1_171' title='bbox 1063 1560 1346 1612; x_wconf 74' lang='lat' dir='ltr'>simulacrum,</span> <span class='ocrx_word' id='word_1_172' title='bbox 1376 1559 1633 1600; x_wconf 74' lang='lat' dir='ltr'>involucrum</span> 
     </span>
     <span class='ocr_line' id='line_1_23' title="bbox 114 1631 1634 1677; baseline 0 -11"><span class='ocrx_word' id='word_1_173' title='bbox 114 1634 200 1671; x_wconf 66' lang='lat' dir='ltr'>etc„</span> <span class='ocrx_word' id='word_1_174' title='bbox 231 1633 357 1667; x_wconf 88' lang='lat' dir='ltr'>tamen</span> <span class='ocrx_word' id='word_1_175' title='bbox 377 1641 459 1668; x_wconf 85' lang='lat' dir='ltr'>cum</span> <span class='ocrx_word' id='word_1_176' title='bbox 479 1631 606 1668; x_wconf 89' lang='lat' dir='ltr'>omnia</span> <span class='ocrx_word' id='word_1_177' title='bbox 627 1632 700 1668; x_wconf 85' lang='lat' dir='ltr'>iam</span> <span class='ocrx_word' id='word_1_178' title='bbox 720 1635 808 1668; x_wconf 85' lang='lat' dir='ltr'>ante</span> <span class='ocrx_word' id='word_1_179' title='bbox 830 1642 911 1668; x_wconf 90' lang='lat' dir='ltr'>eum</span> <span class='ocrx_word' id='word_1_180' title='bbox 928 1631 984 1668; x_wconf 88' lang='lat' dir='ltr'>vel</span> <span class='ocrx_word' id='word_1_181' title='bbox 1006 1631 1107 1676; x_wconf 89' lang='lat' dir='ltr'>apud</span> <span class='ocrx_word' id='word_1_182' title='bbox 1128 1631 1291 1668; x_wconf 87' lang='lat' dir='ltr'>eiusdem</span> <span class='ocrx_word' id='word_1_183' title='bbox 1312 1631 1494 1677; x_wconf 87' lang='lat' dir='ltr'>temporis</span> <span class='ocrx_word' id='word_1_184' title='bbox 1514 1631 1634 1676; x_wconf 82' lang='lat' dir='ltr'>scrip-</span> 
     </span>
     <span class='ocr_line' id='line_1_24' title="bbox 113 1696 1633 1744; baseline 0 -12"><span class='ocrx_word' id='word_1_185' title='bbox 113 1700 215 1733; x_wconf 88' lang='lat' dir='ltr'>tores</span> <span class='ocrx_word' id='word_1_186' title='bbox 235 1697 273 1733; x_wconf 94' lang='lat' dir='ltr'>in</span> <span class='ocrx_word' id='word_1_187' title='bbox 296 1699 485 1734; x_wconf 87' lang='lat' dir='ltr'>communi</span> <span class='ocrx_word' id='word_1_188' title='bbox 506 1709 576 1734; x_wconf 89' lang='lat' dir='ltr'>usu</span> <span class='ocrx_word' id='word_1_189' title='bbox 598 1697 751 1742; x_wconf 82' lang='lat' dir='ltr'>fuerint,</span> <span class='ocrx_word' id='word_1_190' title='bbox 780 1697 943 1735; x_wconf 69' lang='lat' dir='ltr'>Varroni</span> <span class='ocrx_word' id='word_1_191' title='bbox 965 1697 1170 1744; x_wconf 81' lang='lat' dir='ltr'>peculiaria</span> <span class='ocrx_word' id='word_1_192' title='bbox 1191 1696 1349 1733; x_wconf 88' lang='lat' dir='ltr'>iudicari</span> <span class='ocrx_word' id='word_1_193' title='bbox 1372 1707 1443 1733; x_wconf 93' lang='lat' dir='ltr'>non</span> <span class='ocrx_word' id='word_1_194' title='bbox 1466 1700 1633 1742; x_wconf 84' lang='lat' dir='ltr'>possunt.</span> 
     </span>
    </p>

    <p class='ocr_par' dir='ltr' id='par_1_6' title="bbox 113 1762 1639 2197">
     <span class='ocr_line' id='line_1_25' title="bbox 816 1762 932 1811; baseline 0.009 -12"><span class='ocrx_word' id='word_1_195' title='bbox 816 1762 835 1811; x_wconf 64' lang='grc' dir='ltr'>ξ</span> <span class='ocrx_word' id='word_1_196' title='bbox 871 1766 932 1800; x_wconf 82' lang='lat'>13.</span> 
     </span>
     <span class='ocr_line' id='line_1_26' title="bbox 223 1826 1634 1877; baseline 0.001 -11"><span class='ocrx_word' id='word_1_197' title='bbox 223 1829 360 1866; x_wconf 85' lang='lat' dir='ltr'>Paucis</span> <span class='ocrx_word' id='word_1_198' title='bbox 399 1829 561 1876; x_wconf 81' lang='lat' dir='ltr'>deniquo</span> <span class='ocrx_word' id='word_1_199' title='bbox 592 1831 776 1877; x_wconf 82' lang='lat' dir='ltr'>attingam</span> <span class='ocrx_word' id='word_1_200' title='bbox 817 1842 861 1867; x_wconf 83' lang='lat' dir='ltr'>ea</span> <span class='ocrx_word' id='word_1_201' title='bbox 891 1830 1074 1866; x_wconf 88' lang='lat' dir='ltr'>vocabula</span> <span class='ocrx_word' id='word_1_202' title='bbox 1104 1831 1140 1866; x_wconf 94' lang='lat' dir='ltr'>in</span> <span class='ocrx_word' id='word_1_203' title='bbox 1174 1826 1276 1865; x_wconf 77' lang='lat' dir='ltr'>—ium</span> <span class='ocrx_word' id='word_1_204' title='bbox 1308 1830 1496 1874; x_wconf 85' lang='lat' dir='ltr'>cadentia,</span> <span class='ocrx_word' id='word_1_205' title='bbox 1540 1841 1634 1876; x_wconf 87' lang='lat' dir='ltr'>qnae</span> 
     </span>
     <span class='ocr_line' id='line_1_27' title="bbox 113 1894 1636 1943; baseline 0 -10"><span class='ocrx_word' id='word_1_206' title='bbox 113 1896 212 1943; x_wconf 80' lang='lat' dir='ltr'>apud</span> <span class='ocrx_word' id='word_1_207' title='bbox 243 1895 453 1933; x_wconf 73' lang='lat' dir='ltr'>Varronem</span> <span class='ocrx_word' id='word_1_208' title='bbox 501 1896 705 1933; x_wconf 78' lang='lat' dir='ltr'>notabilem</span> <span class='ocrx_word' id='word_1_209' title='bbox 745 1896 933 1941; x_wconf 85' lang='lat' dir='ltr'>quandam</span> <span class='ocrx_word' id='word_1_210' title='bbox 972 1897 1132 1942; x_wconf 87' lang='lat' dir='ltr'>speciem</span> <span class='ocrx_word' id='word_1_211' title='bbox 1175 1906 1267 1940; x_wconf 78' lang='lat' dir='ltr'>prae</span> <span class='ocrx_word' id='word_1_212' title='bbox 1307 1906 1346 1932; x_wconf 84' lang='lat' dir='ltr'>sc</span> <span class='ocrx_word' id='word_1_213' title='bbox 1384 1894 1522 1932; x_wconf 84' lang='lat' dir='ltr'>ferunt.</span> <span class='ocrx_word' id='word_1_214' title='bbox 1580 1897 1636 1933; x_wconf 85' lang='lat' dir='ltr'>Ac</span> 
     </span>
     <span class='ocr_line' id='line_1_28' title="bbox 113 1962 1639 2009; baseline 0 -11"><span class='ocrx_word' id='word_1_215' title='bbox 113 1963 274 2009; x_wconf 88' lang='lat' dir='ltr'>primum</span> <span class='ocrx_word' id='word_1_216' title='bbox 307 1962 455 2008; x_wconf 84' lang='lat' dir='ltr'>quidem</span> <span class='ocrx_word' id='word_1_217' title='bbox 496 1972 705 2008; x_wconf 88' lang='lat' dir='ltr'>proponam</span> <span class='ocrx_word' id='word_1_218' title='bbox 741 1962 826 2009; x_wconf 83' lang='lat' dir='ltr'>duo,</span> <span class='ocrx_word' id='word_1_219' title='bbox 858 1972 952 2007; x_wconf 84' lang='lat' dir='ltr'>quae</span> <span class='ocrx_word' id='word_1_220' title='bbox 982 1962 1096 1998; x_wconf 88' lang='lat' dir='ltr'>alium</span> <span class='ocrx_word' id='word_1_221' title='bbox 1128 1962 1226 2008; x_wconf 79' lang='lat' dir='ltr'>apud</span> <span class='ocrx_word' id='word_1_222' title='bbox 1257 1962 1467 1999; x_wconf 84' lang='lat' dir='ltr'>Varronem</span> <span class='ocrx_word' id='word_1_223' title='bbox 1498 1962 1639 1999; x_wconf 78' lang='lat' dir='ltr'>liabent</span> 
     </span>
     <span class='ocr_line' id='line_1_29' title="bbox 113 2027 962 2074; baseline 0 -10"><span class='ocrx_word' id='word_1_224' title='bbox 113 2029 255 2065; x_wconf 86' lang='lat' dir='ltr'>exitum</span> <span class='ocrx_word' id='word_1_225' title='bbox 286 2032 401 2074; x_wconf 81' lang='lat' dir='ltr'>atque</span> <span class='ocrx_word' id='word_1_226' title='bbox 432 2027 530 2073; x_wconf 85' lang='lat' dir='ltr'>apud</span> <span class='ocrx_word' id='word_1_227' title='bbox 564 2031 709 2065; x_wconf 82' lang='lat' dir='ltr'>ceteros</span> <span class='ocrx_word' id='word_1_228' title='bbox 739 2028 962 2073; x_wconf 81' lang='lat' dir='ltr'>scriptores:</span> 
     </span>
     <span class='ocr_line' id='line_1_30' title="bbox 113 2090 1638 2141; baseline -0.001 -11"><span class='ocrx_word' id='word_1_229' title='bbox 113 2090 367 2131; x_wconf 58' lang='lat' dir='ltr'>mantellum:</span> <span class='ocrx_word' id='word_1_230' title='bbox 429 2093 472 2129; x_wconf 91' lang='lat' dir='ltr'>L.</span> <span class='ocrx_word' id='word_1_231' title='bbox 506 2093 643 2139; x_wconf 63' lang='grc' dir='ltr'>1,.ΥΙ,</span> <span class='ocrx_word' id='word_1_232' title='bbox 678 2095 740 2139; x_wconf 73' lang='grc'>85,</span> <span class='ocrx_word' id='word_1_233' title='bbox 809 2095 941 2131; x_wconf 84' lang='lat' dir='ltr'>eadem</span> <span class='ocrx_word' id='word_1_234' title='bbox 1002 2094 1148 2140; x_wconf 84' lang='lat' dir='ltr'>origine</span> <span class='ocrx_word' id='word_1_235' title='bbox 1193 2099 1229 2131; x_wconf 87' lang='lat' dir='ltr'>et</span> <span class='ocrx_word' id='word_1_236' title='bbox 1273 2092 1551 2141; x_wconf 79' lang='lat' dir='ltr'>significat-ione</span> <span class='ocrx_word' id='word_1_237' title='bbox 1595 2104 1638 2130; x_wconf 87' lang='lat' dir='ltr'>ac</span> 
     </span>
     <span class='ocr_line' id='line_1_31' title="bbox 195 2156 932 2197; baseline 0.001 -1"><span class='ocrx_word' id='word_1_238' title='bbox 195 2160 371 2197; x_wconf 78' lang='lat' dir='ltr'>mantele.</span> <span class='ocrx_word' id='word_1_239' title='bbox 922 2156 932 2170; x_wconf 67' lang='lat'>‘</span> 
     </span>
    </p>

    <p class='ocr_par' dir='ltr' id='par_1_7' title="bbox 115 2221 1638 2409">
     <span class='ocr_line' id='line_1_32' title="bbox 115 2221 1637 2277; baseline 0.001 -15"><span class='ocrx_word' id='word_1_240' title='bbox 115 2222 318 2277; x_wconf 60' lang='lat' dir='ltr'>rusilium:</span> <span class='ocrx_word' id='word_1_241' title='bbox 379 2225 420 2262; x_wconf 89' lang='lat' dir='ltr'>L.</span> <span class='ocrx_word' id='word_1_242' title='bbox 452 2227 495 2264; x_wconf 89' lang='lat' dir='ltr'>L.</span> <span class='ocrx_word' id='word_1_243' title='bbox 528 2226 590 2272; x_wconf 78' lang='lat' dir='ltr'>vl,</span> <span class='ocrx_word' id='word_1_244' title='bbox 626 2227 698 2273; x_wconf 76' lang='lat'>803</span> <span class='ocrx_word' id='word_1_245' title='bbox 746 2229 815 2262; x_wconf 86' lang='lat' dir='ltr'>sat.</span> <span class='ocrx_word' id='word_1_246' title='bbox 857 2225 903 2263; x_wconf 88' lang='lat' dir='ltr'>fr.</span> <span class='ocrx_word' id='word_1_247' title='bbox 946 2227 1020 2262; x_wconf 82' lang='lat'>105</span> <span class='ocrx_word' id='word_1_248' title='bbox 1054 2225 1114 2271; x_wconf 77' lang='lat' dir='ltr'>(R.</span> <span class='ocrx_word' id='word_1_249' title='bbox 1154 2228 1240 2267; x_wconf 80' lang='lat'>120,</span> <span class='ocrx_word' id='word_1_250' title='bbox 1274 2224 1314 2274; x_wconf 84' lang='lat'>7)</span> <span class='ocrx_word' id='word_1_251' title='bbox 1358 2221 1411 2263; x_wconf 81' lang='lat' dir='ltr'>‘ut</span> <span class='ocrx_word' id='word_1_252' title='bbox 1440 2227 1519 2263; x_wconf 86' lang='lat' dir='ltr'>eius</span> <span class='ocrx_word' id='word_1_253' title='bbox 1550 2238 1637 2264; x_wconf 90' lang='lat' dir='ltr'>con-</span> 
     </span>
     <span class='ocr_line' id='line_1_33' title="bbox 199 2287 1638 2340; baseline 0.001 -13"><span class='ocrx_word' id='word_1_254' title='bbox 199 2293 284 2329; x_wconf 88' lang='lat' dir='ltr'>silio</span> <span class='ocrx_word' id='word_1_255' title='bbox 349 2294 476 2340; x_wconf 89' lang='lat' dir='ltr'>potius</span> <span class='ocrx_word' id='word_1_256' title='bbox 534 2293 703 2339; x_wconf 81' lang='lat' dir='ltr'>vigilium</span> <span class='ocrx_word' id='word_1_257' title='bbox 758 2287 1097 2338; x_wconf 79' lang='lat' dir='ltr'>adminicularem’3</span> <span class='ocrx_word' id='word_1_258' title='bbox 1162 2291 1333 2329; x_wconf 84' lang='lat' dir='ltr'>conseras</span> <span class='ocrx_word' id='word_1_259' title='bbox 1392 2293 1638 2339; x_wconf 81' lang='lat' dir='ltr'>compositum</span> 
     </span>
     <span class='ocr_line' id='line_1_34' title="bbox 196 2355 1271 2409; baseline -0.001 -14"><span class='ocrx_word' id='word_1_260' title='bbox 196 2355 475 2409; x_wconf 36' lang='lat' dir='ltr'>pmvwssqiliuwu,</span> <span class='ocrx_word' id='word_1_261' title='bbox 509 2359 609 2405; x_wconf 87' lang='lat' dir='ltr'>quod</span> <span class='ocrx_word' id='word_1_262' title='bbox 640 2360 676 2396; x_wconf 89' lang='lat' dir='ltr'>in</span> <span class='ocrx_word' id='word_1_263' title='bbox 709 2370 940 2396; x_wconf 77' lang='lat' dir='ltr'>conununem</span> <span class='ocrx_word' id='word_1_264' title='bbox 971 2370 1077 2395; x_wconf 83' lang='lat' dir='ltr'>usum</span> <span class='ocrx_word' id='word_1_265' title='bbox 1107 2359 1271 2395; x_wconf 86' lang='lat' dir='ltr'>transiit.</span> 
     </span>
    </p>

    <p class='ocr_par' dir='ltr' id='par_1_8' title="bbox 119 2421 1640 2675">
     <span class='ocr_line' id='line_1_35' title="bbox 229 2421 1638 2472; baseline -0.001 -10"><span class='ocrx_word' id='word_1_266' title='bbox 229 2426 325 2462; x_wconf 88' lang='lat' dir='ltr'>Tum</span> <span class='ocrx_word' id='word_1_267' title='bbox 371 2426 470 2472; x_wconf 87' lang='lat' dir='ltr'>apud</span> <span class='ocrx_word' id='word_1_268' title='bbox 499 2425 709 2463; x_wconf 74' lang='lat' dir='ltr'>Varronem</span> <span class='ocrx_word' id='word_1_269' title='bbox 755 2426 901 2471; x_wconf 79' lang='lat' dir='ltr'>aliquot</span> <span class='ocrx_word' id='word_1_270' title='bbox 940 2424 1124 2462; x_wconf 86' lang='lat' dir='ltr'>voeabula</span> <span class='ocrx_word' id='word_1_271' title='bbox 1162 2427 1198 2460; x_wconf 92' lang='lat' dir='ltr'>in</span> <span class='ocrx_word' id='word_1_272' title='bbox 1241 2421 1342 2460; x_wconf 70' lang='lat' dir='ltr'>-ium</span> <span class='ocrx_word' id='word_1_273' title='bbox 1388 2425 1638 2462; x_wconf 84' lang='lat' dir='ltr'>inveniuntur,</span> 
     </span>
     <span class='ocr_line' id='line_1_36' title="bbox 119 2490 1640 2539; baseline 0 -12"><span class='ocrx_word' id='word_1_274' title='bbox 119 2502 214 2539; x_wconf 84' lang='lat' dir='ltr'>quae.</span> <span class='ocrx_word' id='word_1_275' title='bbox 237 2503 319 2528; x_wconf 75' lang='lat' dir='ltr'>cum</span> <span class='ocrx_word' id='word_1_276' title='bbox 342 2491 388 2528; x_wconf 88' lang='lat' dir='ltr'>ab</span> <span class='ocrx_word' id='word_1_277' title='bbox 409 2492 493 2528; x_wconf 86' lang='lat' dir='ltr'>aliis</span> <span class='ocrx_word' id='word_1_278' title='bbox 515 2491 763 2539; x_wconf 82' lang='lat' dir='ltr'>scriptoribus</span> <span class='ocrx_word' id='word_1_279' title='bbox 783 2492 975 2528; x_wconf 83' lang='lat' dir='ltr'>rarissime</span> <span class='ocrx_word' id='word_1_280' title='bbox 1009 2491 1181 2528; x_wconf 81' lang='lat' dir='ltr'>adhibita</span> <span class='ocrx_word' id='word_1_281' title='bbox 1213 2491 1300 2535; x_wconf 83' lang='lat' dir='ltr'>sint,</span> <span class='ocrx_word' id='word_1_282' title='bbox 1337 2502 1410 2527; x_wconf 92' lang='lat' dir='ltr'>non</span> <span class='ocrx_word' id='word_1_283' title='bbox 1432 2490 1640 2527; x_wconf 84' lang='lat' dir='ltr'>omittenda</span> 
     </span>
     <span class='ocr_line' id='line_1_37' title="bbox 119 2557 1037 2605; baseline -0.003 -11"><span class='ocrx_word' id='word_1_284' title='bbox 119 2558 262 2605; x_wconf 86' lang='lat' dir='ltr'>putavi.</span> <span class='ocrx_word' id='word_1_285' title='bbox 322 2558 407 2594; x_wconf 86' lang='lat' dir='ltr'>Huc</span> <span class='ocrx_word' id='word_1_286' title='bbox 436 2562 609 2604; x_wconf 85' lang='lat' dir='ltr'>spectant</span> <span class='ocrx_word' id='word_1_287' title='bbox 638 2569 660 2595; x_wconf 86' lang='lat' dir='ltr'>a</span> <span class='ocrx_word' id='word_1_288' title='bbox 691 2557 815 2594; x_wconf 85' lang='lat' dir='ltr'>verbis</span> <span class='ocrx_word' id='word_1_289' title='bbox 847 2557 1037 2595; x_wconf 85' lang='lat' dir='ltr'>derivata:</span> 
     </span>
     <span class='ocr_line' id='line_1_38' title="bbox 121 2618 1638 2675; baseline -0.001 -15"><span class='ocrx_word' id='word_1_290' title='bbox 121 2620 386 2675; x_wconf 67' lang='lat' dir='ltr'>c(:›23flzzre‘mn:</span> <span class='ocrx_word' id='word_1_291' title='bbox 419 2627 487 2661; x_wconf 85' lang='lat' dir='ltr'>sat..</span> <span class='ocrx_word' id='word_1_292' title='bbox 521 2623 567 2660; x_wconf 87' lang='lat' dir='ltr'>fr.</span> <span class='ocrx_word' id='word_1_293' title='bbox 599 2626 674 2660; x_wconf 72' lang='lat'>:332</span> <span class='ocrx_word' id='word_1_294' title='bbox 708 2623 769 2667; x_wconf 76' lang='lat' dir='ltr'>(R.</span> <span class='ocrx_word' id='word_1_295' title='bbox 793 2624 883 2668; x_wconf 72' lang='lat'>227,</span> <span class='ocrx_word' id='word_1_296' title='bbox 916 2620 957 2671; x_wconf 90' lang='lat'>3)</span> <span class='ocrx_word' id='word_1_297' title='bbox 988 2618 1047 2660; x_wconf 87' lang='lat' dir='ltr'>‘ad</span> <span class='ocrx_word' id='word_1_298' title='bbox 1079 2634 1190 2668; x_wconf 83' lang='lat' dir='ltr'>quam</span> <span class='ocrx_word' id='word_1_299' title='bbox 1222 2633 1300 2659; x_wconf 84' lang='lat' dir='ltr'>rem</span> <span class='ocrx_word' id='word_1_300' title='bbox 1333 2622 1441 2659; x_wconf 88' lang='lat' dir='ltr'>nobis</span> <span class='ocrx_word' id='word_1_301' title='bbox 1463 2626 1518 2658; x_wconf 86' lang='lat' dir='ltr'>est</span> <span class='ocrx_word' id='word_1_302' title='bbox 1550 2633 1638 2658; x_wconf 88' lang='lat' dir='ltr'>con-</span> 
     </span>
    </p>

    <p class='ocr_par' dir='ltr' id='par_1_9' title="bbox 204 2684 1640 2734">
     <span class='ocr_line' id='line_1_39' title="bbox 204 2684 1640 2734; baseline -0.002 -8"><span class='ocrx_word' id='word_1_303' title='bbox 204 2684 395 2726; x_wconf 58' lang='lat' dir='ltr'>fluvium?</span> <span class='ocrx_word' id='word_1_304' title='bbox 427 2690 462 2725; x_wconf 87' lang='lat'>11.</span> <span class='ocrx_word' id='word_1_305' title='bbox 495 2701 524 2727; x_wconf 86' lang='lat' dir='ltr'>e.</span> <span class='ocrx_word' id='word_1_306' title='bbox 557 2691 673 2727; x_wconf 82' lang='lat' dir='ltr'>locus.</span> <span class='ocrx_word' id='word_1_307' title='bbox 704 2691 739 2725; x_wconf 90' lang='lat' dir='ltr'>in</span> <span class='ocrx_word' id='word_1_308' title='bbox 773 2700 880 2734; x_wconf 79' lang='lat' dir='ltr'>quem</span> <span class='ocrx_word' id='word_1_309' title='bbox 912 2688 1067 2725; x_wconf 86' lang='lat' dir='ltr'>confluit</span> <span class='ocrx_word' id='word_1_310' title='bbox 1096 2690 1249 2725; x_wconf 62' lang='lat' dir='ltr'>eluvies</span> <span class='ocrx_word' id='word_1_311' title='bbox 1293 2689 1397 2725; x_wconf 85' lang='lat' dir='ltr'>Idem</span> <span class='ocrx_word' id='word_1_312' title='bbox 1418 2688 1640 2725; x_wconf 85' lang='lat' dir='ltr'>vocabulum</span> 
     </span>
    </p>
   </div>
   <div class='ocr_carea' id='block_1_3' title="bbox 203 2755 1441 2847">
    <p class='ocr_par' dir='ltr' id='par_1_10' title="bbox 203 2755 1441 2847">
     <span class='ocr_line' id='line_1_40' title="bbox 203 2755 1441 2828; baseline -0.002 -35"><span class='ocrx_word' id='word_1_313' title='bbox 203 2760 306 2794; x_wconf 83' lang='lat' dir='ltr'>extat</span> <span class='ocrx_word' id='word_1_314' title='bbox 332 2758 369 2793; x_wconf 91' lang='lat' dir='ltr'>in</span> <span class='ocrx_word' id='word_1_315' title='bbox 400 2757 546 2793; x_wconf 82' lang='lat' dir='ltr'>Aetnae</span> <span class='ocrx_word' id='word_1_316' title='bbox 577 2769 634 2793; x_wconf 84' lang='lat' dir='ltr'>vv.</span> <span class='ocrx_word' id='word_1_317' title='bbox 669 2758 745 2793; x_wconf 67' lang='lat'>328</span> <span class='ocrx_word' id='word_1_318' title='bbox 781 2759 817 2791; x_wconf 87' lang='lat' dir='ltr'>ct</span> <span class='ocrx_word' id='word_1_319' title='bbox 854 2758 921 2791; x_wconf 80' lang='lat'>121</span> <span class='ocrx_word' id='word_1_320' title='bbox 958 2757 1013 2804; x_wconf 60' lang='grc' dir='ltr'>(Ρ)</span> <span class='ocrx_word' id='word_1_321' title='bbox 1045 2755 1102 2791; x_wconf 86' lang='lat' dir='ltr'>ed.</span> <span class='ocrx_word' id='word_1_322' title='bbox 1135 2755 1276 2801; x_wconf 83' lang='lat' dir='ltr'>Haupt.</span> <span class='ocrx_word' id='word_1_323' title='bbox 1423 2808 1441 2828; x_wconf 65' lang='lat'><em>*</em></span> 
     </span>
     <span class='ocr_line' id='line_1_41' title="bbox 1392 2812 1414 2847; baseline 0 0"><span class='ocrx_word' id='word_1_324' title='bbox 1392 2812 1414 2847; x_wconf 87' lang='lat'><strong>3</strong></span> 
     </span>
    </p>
   </div>
  </div>
 </body>
</html>
