1787 3043
568 169 927 198 PRAEPOSITIONES
961 169 1049 196 CUM
1081 169 1232 196 AUGUS.
1614 159 1665 196 69

134 301 299 338 sumque
314 288 416 325 iacet
430 283 515 322 sine
529 295 643 320 :sensa
669 298 809 334 corpus
832 285 1061 321 honustum.
1086 295 1125 319 v.
1146 282 1247 319 165:
1273 284 1356 320 sine
1379 285 1502 320 bactu.
1527 294 1567 319 v.
1585 281 1665 320 398

134 352 220 391 sine
241 355 367 390 mente
388 350 610 402 animoque.
642 348 723 397 IV,
742 349 843 388 238:
869 364 996 400 neque
1019 363 1131 400 posse
1153 346 1239 385 sine
1259 346 1321 386 leis
1343 364 1403 387 res
1426 350 1508 387 ulla
1528 350 1665 388 videri.

135 433 174 458 v.
193 420 296 458 810:
322 434 393 458 nee
412 417 499 457 sine
512 430 554 456 eo
568 419 651 456 fieri
673 431 786 468 posse
801 421 846 455 ut
860 428 1063 455 cernamus
1086 420 1213 454 acute.
1238 428 1275 453 v.
1298 415 1425 454 1074:
1451 430 1550 467 quae
1572 420 1667 455 sunt:

133 486 219 525 sine
238 499 386 536 poena.
431 484 486 533 V,
514 485 584 523 16:
620 486 681 522 his
722 507 761 510 —
802 486 885 522 sine
918 485 1046 521 rebus.
1090 496 1130 520 v.
1158 482 1229 521 18:
1266 484 1365 522 bene
1400 499 1478 521 non
1509 487 1667 534 poterat

132 553 219 592 sine
247 566 348 604 paro
373 555 536 603 pectore
569 553 661 590 vivi.
706 548 760 598 V,
786 551 887 589 841:
925 556 1036 589 muta
1064 548 1151 587 siae
1178 562 1243 587 ore
1274 553 1407 598 etiam,
1437 548 1524 588 sine
1555 549 1666 588 volta

133 636 247 660 caeca
275 625 443 672 reperta.
486 633 526 657 v.
552 619 655 657 869:
687 615 774 655 siae
801 619 947 669 pabula
977 621 1090 669 parta
1120 615 1269 655 labore.
1314 630 1354 655 v.
1381 617 1509 656 1426:
1539 619 1666 656 nudos

132 687 218 727 siae
243 686 433 738 pellibus.
478 684 559 734 VI,
591 685 693 724 207:
726 700 815 723 cum
845 689 939 723 sunt
969 697 1099 722 umore
1126 683 1213 722 sine
1240 683 1339 722 ullo.
1392 698 1430 723 v.
1465 684 1544 724 217
1575 697 1662 736 Sq.:

132 754 218 793 Sine
251 757 378 793 taetro
420 757 571 792 terrore
606 758 646 792 et
678 750 814 791 :sonitu
847 754 980 803 fulgit.
1034 764 1075 790 v.
1112 752 1191 790 300
1228 755 1271 790 eb
1305 752 1406 790 310:
1450 755 1533 791 sine
1567 754 1663 803 igni.

132 836 172 861 v.
201 823 327 861 1055:
352 824 436 861 sine
459 837 516 860 eo.
559 834 598 859 v.
626 820 754 859 1210:
787 824 826 858 et
856 817 1039 857 manibus
1067 816 1154 857 siae
1184 834 1262 858 non
1290 821 1390 858 nulli
1412 818 1664 871 pedibusque

131 892 358 929 manebant.

311 1013 360 1044 11.
411 1011 773 1053 Praepositiones
800 1021 887 1041 cum
913 1010 1171 1041 accusativo
1198 1010 1475 1040 coniunctae.

243 1090 309 1130 Aa
338 1090 376 1142 a)
412 1095 579 1129 motum
610 1087 813 1142 exprimit
843 1087 932 1127 sive
964 1101 1111 1127 verum
1141 1086 1230 1126 sive
1259 1100 1335 1140 per
1364 1087 1663 1140 metaphoram

129 1157 475 1211 intellegendum
507 1156 561 1197 ad
588 1157 732 1196 locum
762 1160 838 1196 aut
865 1169 969 1205 rem,
1001 1170 1024 1195 a
1053 1169 1137 1208 qua
1166 1154 1251 1194 loci
1279 1154 1542 1207 significatio
1577 1170 1663 1195 non

130 1233 197 1268 est
220 1225 373 1266 aliena.
417 1225 454 1274 I,
480 1226 552 1265 51:
586 1228 763 1265 animum
797 1248 839 1253 —
873 1229 1071 1264 semotum
1101 1239 1123 1262 a
1152 1226 1254 1263 euris
1283 1226 1427 1263 adhibe
1456 1236 1589 1262 veram
1610 1224 1666 1262 ad

129 1294 338 1334 rationem.
369 1292 431 1342 ΙΙ,
451 1293 579 1332 1023:
605 1296 724 1332 Nunc
738 1295 915 1331 animum
928 1294 1042 1331 nobis
1057 1293 1202 1331 adhibe
1222 1304 1354 1329 veram:
1376 1290 1431 1330 ad
1451 1290 1660 1329 rationem.

128 1362 165 1411 I,
189 1363 260 1401 95:
286 1364 336 1400 ad
358 1376 441 1400 aras
464 1363 687 1400 deductast.
717 1358 779 1408 ΙΙ,
800 1360 929 1399 1116:
955 1361 1129 1411 donique
1151 1358 1206 1397 acl
1227 1361 1438 1397 wemmam
1461 1360 1658 1398 crescendi

134 1454 175 1458 —-
203 1430 329 1483 finem
363 1431 496 1468 omnia
520 1426 716 1478 perdaa't't
759 1450 800 1455 -
840 1431 993 1466 nabura.
1036 1424 1118 1475 IV,
1144 1427 1226 1465 684
1252 1428 1303 1465 ad
1333 1441 1402 1465 sua
1438 1450 1476 1453 -
1516 1428 1662 1478 pabula

130 1499 252 1536 ducit.
301 1494 338 1544 Ι,
375 1496 476 1534 212:
513 1497 637 1534 cimus
670 1493 725 1532 aa
757 1496 883 1539 ortas,
926 1511 966 1526 =
1004 1492 1059 1542 V,
1097 1494 1192 1533 211.
1236 1492 1272 1542 I,
1311 1493 1410 1532 216:
1448 1509 1575 1545 neque
1609 1493 1664 1532 ad

131 1563 255 1602 ailam
277 1566 491 1602 interemat
512 1578 584 1602 res.
618 1576 656 1600 v.
677 1561 777 1601 237:
802 1565 902 1601 hauh
923 1563 1049 1612 igitur
1070 1566 1237 1613 possunt
1259 1560 1314 1599 ad
1334 1559 1463 1599 ailam
1485 1576 1664 1613 quaeque

130 1629 289 1670 reverti.
334 1644 375 1669 v.
403 1630 500 1669 756:
533 1632 676 1669 debeat
707 1628 762 1667 ad
788 1627 913 1667 nilum
943 1631 1021 1667 iam
1050 1643 1181 1667 rerum
1210 1643 1364 1667 summa
1393 1627 1553 1666 reverti.
1598 1627 1662 1677 II,

129 1699 230 1737 961:
267 1700 317 1736 ad
349 1700 474 1737 vitam
510 1721 550 1725 —
587 1700 744 1736 reverti.
791 1694 847 1745 V,
873 1695 973 1735 635:
1010 1697 1060 1734 ad
1093 1698 1251 1747 signum
1286 1698 1473 1747 quodque
1506 1698 1664 1734 reverti.

129 1763 215 1812 ΙΙΙ,
242 1765 316 1803 54:
342 1767 468 1803 aerius
491 1762 707 1801 advertunt
729 1765 880 1801 animos
903 1760 958 1800 ad
979 1760 1225 1813 νείὶῃὶοηθηι.
1268 1760 1351 1810 IV,
1376 1761 1478 1800 341:
1504 1777 1663 1802 eonver-

127 1834 204 1870 tier
225 1833 274 1870 ad
296 1847 378 1871 nos.
417 1830 472 1880 V,
498 1831 599 1870 707:
626 1834 740 1869 Luna
761 1834 895 1882 potest
917 1832 1010 1869 solis
1032 1831 1152 1868 radiis
1176 1843 1358 1881 percussa
1379 1832 1521 1878 nitere,
1544 1833 1664 1881 inque

128 1902 211 1938 dies
239 1901 364 1950 magis
395 1901 435 1938 id
467 1901 602 1938 lumen
624 1900 849 1937 convertere
870 1899 984 1936 nobis
1007 1895 1061 1934 ad
1088 1895 1270 1947 speeiem.
1319 1895 1389 1935 Sic
1411 1897 1540 1950 paulo
1562 1901 1664 1950 post

130 1966 210 2006 724
232 1965 297 2004 Ad
316 1964 484 2016 speeiem
507 1964 625 2004 vertit
647 1968 761 2005 nobis
784 1967 998 2016 oculosque
1021 1966 1209 2016 patentis.
1248 1962 1329 2013 VI,
1355 1964 1456 2003 643:
1482 1968 1663 2005 finitimis

127 2032 182 2071 ad
201 2045 242 2071 Se
263 2030 458 2070 convertit
485 2034 674 2083 gentibus
697 2046 774 2071 ora.
819 2029 873 2079 V,
899 2029 998 2069 617:
1024 2046 1064 2070 se
1087 2035 1133 2069 ut
1154 2033 1284 2068 vertat
1306 2033 1430 2069 metas
1452 2030 1508 2070 ad
1527 2031 1663 2070 solsti-

127 2097 255 2138 tialis.
299 2112 339 2138 v.
367 2099 495 2138 1199:
525 2097 671 2137 vertier
698 2097 753 2137 acl
779 2096 955 2149 lapidem
977 2102 1097 2150 abque
1119 2095 1245 2135 omnis
1268 2097 1453 2136 accedere
1475 2097 1531 2137 ad
1551 2112 1659 2138 aras,

126 2165 162 2215 Ι,
195 2167 298 2205 248:
334 2168 441 2205 haud
473 2168 599 2217 igitur
631 2165 738 2205 redit
766 2165 821 2204 ad
846 2163 974 2204 nilum
1003 2180 1063 2204 res
1093 2166 1186 2204 ulla.
1236 2178 1276 2203 v.
1310 2165 1413 2205 541:
1454 2165 1510 2204 ad
1535 2165 1663 2205 ailam

126 2237 286 2288 penitus
308 2249 367 2273 res
390 2249 568 2286 quaeque
591 2232 801 2272 redissent.
827 2247 866 2271 v.
886 2232 987 2271 673:
1012 2235 1178 2272 redeant
1200 2235 1249 2272 ad
1271 2235 1410 2273 nilum.
1433 2247 1475 2273 v.
1495 2233 1588 2274 797:
1613 2249 1662 2274 ne

125 2305 200 2342 ‘cibi
223 2318 283 2342 res
306 2301 472 2340 redeant
493 2301 549 2339 acl
570 2300 696 2339 ailam
718 2303 899 2340 fundi‘cus
922 2315 1069 2340 omnes.
1106 2298 1169 2349 ΙΙ,
1197 2301 1412 2341 756.μ864.
1443 2299 1532 2350 ΙΙΙ,
1557 2302 1659 2341 910:

125 2369 180 2409 ad
200 2382 376 2408 somnam
398 2372 429 2408 si
451 2385 511 2409 res
534 2367 639 2408 redit
661 2373 781 2420 atque
809 2367 992 2421 quietem.
1037 2366 1117 2417 IV,
1143 2368 1243 2407 996:
1275 2370 1440 2408 redean‘o
1468 2393 1508 2396 —
1537 2371 1586 2408 ad
1607 2385 1660 2409 se.

126 2451 166 2475 v.
196 2437 328 2476 1023:
354 2439 403 2476 ad
425 2452 465 2476 se
486 2438 668 2476 redeunt.
711 2434 766 2484 V,
795 2435 871 2475 780
896 2448 983 2487 sq.:
1008 2434 1123 2474 redeo
1145 2435 1201 2475 ad
1220 2439 1360 2476 mundi
1382 2434 1599 2475 novitatem
1621 2442 1661 2476 et

126 2502 263 2542 mollia
286 2508 414 2542 terrae
429 2515 542 2541 arva.
573 2516 614 2541 v.
633 2503 763 2542 1141:
789 2501 844 2540 ad
863 2514 1051 2540 summam
1058 2501 1223 2555 faecem
1245 2501 1462 2555 turbasque
1483 2501 1657 2542 redibat.

123 2569 186 2619 II,
223 2570 326 2609 139:
363 2572 444 2609 exit
482 2593 522 2597 —
563 2575 719 2609 nostros
752 2572 802 2608 ad
835 2585 982 2609 sensus.
1035 2583 1077 2608 v.
1116 2570 1244 2609 1174:
1286 2573 1342 2609 ire
1376 2572 1425 2610 ad
1458 2573 1658 2623 capulum-

124 2634 161 2684 Ι,
187 2636 289 2674 266:
315 2637 364 2674 ad
385 2638 443 2675 nil
464 2639 638 2676 revocari
667 2653 708 2668 =
735 2649 777 2675 v.
803 2637 897 2675 544.
942 2633 1030 2684 III,
1054 2636 1157 2675 468:
1182 2638 1231 2675 ad
1253 2638 1377 2676 vitam
1406 2659 1445 2664 -
1473 2651 1659 2676 revocan-

124 2709 196 2742 tes.
239 2701 294 2750 V,
320 2702 424 2741 255:
453 2705 503 2742 ad
532 2705 722 2742 diluviem
752 2707 970 2742 revocatur.
1013 2701 1094 2751 VI,
1121 2704 1223 2742 292:
1257 2706 1306 2742 ad
1338 2705 1528 2743 diluviem
1549 2720 1658 2744 revo-

126 2771 215 2808 cari.
268 2767 306 2816 1,
343 2768 443 2807 299:
489 2784 560 2808 nec
598 2775 732 2808 tamen
765 2767 820 2807 ad
851 2767 964 2807 naris
997 2767 1194 2808 venientis
1227 2772 1423 2810 cernimus
1457 2786 1656 2823 umquam.
