1833 3048
928 84 978 121 28

200 208 509 249 *moderatm-a:
541 215 587 251 de
618 216 697 252 vita
726 216 769 253 P.
798 216 844 253 R.
876 216 904 261 1,
936 218 957 251 5
990 216 1048 253 ed.
1075 210 1247 252 Kettner
1278 217 1394 262 (Non.
1426 231 1462 265 p.
1495 221 1584 263 490,
1619 220 1701 265 26),

279 277 341 315 ubi
372 279 541 316 codicum
571 280 682 318 lectio
711 286 771 319 est
798 282 911 319 haec:
944 276 1148 317 ’Μίκωνα
1179 286 1217 319 et
1252 278 1530 320 moderatum.
1580 284 1701 322 Varro

278 345 322 382 de
340 345 426 382 Vita
456 347 584 392 populi
614 347 722 385 Rom.
753 348 817 385 lib⁴
850 349 877 384 Ι.
910 342 995 385 'Sed
1025 347 1125 393 quod
1155 358 1199 385 ea
1228 352 1266 385 et
1286 353 1442 395 propter
1463 350 1575 387 talem
1606 352 1699 386 mix*

281 416 366 449 tura
396 412 645 450 immoderata
674 415 933 460 exaquiscunt,
964 415 1090 459 itaque
1120 414 1217 460 quod
1252 417 1510 461 temperat-ura
1530 416 1701 453 modera-

282 482 344 514 tur
373 478 410 514 in
446 479 594 516 Romuli
625 480 784 526 triplicis
815 474 1010 517 civitates'.
1041 480 1146 526 Quae
1177 480 1290 518 verba
1320 481 1359 517 in
1379 480 1539 518 formam
1569 483 1696 529 genui-⁴

283 555 366 580 nam
410 545 657 583 coniectando
700 547 901 583 restituere
946 550 1226 593 temptaverunt
1271 542 1371 583 Roth
1413 552 1449 584 et
1487 543 1704 593 Quicherol,

281 611 317 646 in
348 609 472 656 Nonii,
513 622 604 657 quas
635 616 874 655 curaverunt,
909 611 1157 657 editionibus;
1189 624 1347 660 quorum
1376 614 1442 650 ille
1466 614 1698 652 emendavit:

279 670 362 713 ‘Sed
394 702 570 714 .....
599 678 802 714 mixturam
834 677 1033 715 moderata
1063 679 1288 724 exaciscunt,
1329 680 1381 716 ita
1423 690 1570 726 quoque
1610 685 1704 716 tem-

279 746 432 788 peratur
462 743 705 780 moderatura
754 744 902 781 Romuli
950 745 1026 781 vita
1067 745 1226 790 triplicis
1266 739 1453 789 civitatis',
1493 744 1571 781 hic:
1617 739 1702 782 ‘Sed

284 809 382 854 quod
414 835 585 846 .....
628 810 828 846 mixturam
872 810 1157 847 immoderatam
1202 816 1437 856 macescunt,
1485 812 1537 848 ita
1558 821 1702 857 quoque

280 877 541 921 temperantur
571 886 592 911 a
622 875 865 913 moderatura
894 876 930 912 in
963 876 1112 913 Romuli
1142 877 1293 914 civitate
1311 877 1478 923 triplices
1507 871 1700 914 civitates'.

281 939 362 976 Sed.
385 943 472 977 utra
502 940 718 978 emendatio
762 941 997 988 probabilior
1026 943 1085 982 sit,
1130 953 1354 989 quamquam
1399 943 1468 980 hoe
1519 943 1600 980 loco
1627 954 1699 980 non

279 1005 517 1051 diiudicatur⁷
559 1007 596 1044 id
626 1011 801 1044 constare
830 1007 978 1044 videtur
1010 1007 1219 1045 Varronem
1253 1008 1530 1045 substantivum
1569 1004 1700 1045 mode-

283 1076 431 1108 ratum
459 1073 671 1111 adhibuisse
699 1074 757 1110 vel
785 1076 910 1120 potius
932 1085 1087 1111 novasse
1117 1074 1164 1111 ad
1193 1074 1475 1111 similitudinem
1507 1086 1537 1109 v.
1567 1061 1700 1111 mode--

279 1136 441 1183 fatoris,
460 1140 563 1176 cuius
580 1141 683 1177 notio
699 1139 905 1176 subiunctis
923 1140 1105 1187 genetivis
1122 1139 1352 1186 reipublicae
1365 1139 1493 1186 (Cic.)‚
1512 1142 1700 1178 exercitus

281 1201 421 1252 (Tac.)q
455 1206 629 1243 iuventae
660 1202 813 1253 (Mart.)
844 1204 1045 1243 manifesta
1081 1207 1117 1242 in
1167 1206 1387 1244 vocabulum
1436 1202 1702 1242 moderatur-a

277 1272 415 1317 optime
432 1272 605 1318 quadrat.
639 1272 772 1318 Itaque
794 1272 886 1309 nihil
908 1272 1055 1308 videtur
1085 1272 1248 1317 obstare,
1281 1273 1478 1319 quominus
1509 1272 1601 1310 haec
1631 1284 1698 1309 vox

278 1336 406 1373 lexicis
442 1337 613 1374 addatur.

198 1400 422 1451 *pensurffi
455 1404 500 1440 L.
532 1404 576 1441 L.
610 1405 652 1447 V,
706 1406 777 1441 183
823 1399 931 1451 'quod
977 1416 1021 1442 ea
1074 1405 1205 1449 (aedes
1235 1405 1403 1444 Saturni)
1447 1406 1557 1442 etiam
1603 1416 1700 1440 nunc

277 1475 432 1515 propter
464 1481 667 1515 pensuram
699 1472 880 1508 trutinam
913 1471 1025 1509 habet
1054 1465 1236 1518 positam'.

197 1538 492 1583 temperatura:
527 1539 598 1573 sat.
630 1535 676 1573 fr.
709 1538 758 1574 23
811 1526 1000 1585 (R.'1oo‚
1038 1538 1072 1578 1)
1119 1532 1223 1575 ‘caeli
1267 1533 1549 1584 temperatura,
1600 1538 1696 1584 quod

277 1600 373 1637 idem
404 1606 507 1638 extat
536 1613 595 1648 ap.
626 1603 724 1640 Vitr.
756 1604 851 1640 Plin.
882 1603 955 1641 Sed
975 1605 1150 1641 usitatior
1179 1602 1249 1640 fuit
1278 1615 1311 1640 v.
1344 1601 1564 1654 temperies,
1599 1604 1700 1641 velut

278 1661 490 1713 'temperies
521 1663 623 1705 caeli’
656 1670 762 1707 Ovid.
795 1669 905 1707 Pont.
938 1673 972 1710 2,
1007 1672 1040 1709 7.
1085 1671 1146 1711 71,
1179 1669 1276 1706 Plin.
1306 1670 1352 1706 H.
1384 1671 1430 1706 N.
1463 1672 1483 1704 3
1517 1669 1572 1715 (6)
1625 1672 1698 1713 4];

280 1734 301 1767 7
335 1732 393 1779 (2)
428 1736 502 1779 213
540 1737 588 1770 14
615 1732 677 1784 (6)
711 1737 779 1781 55;
812 1740 883 1773 etc.

196 1796 418 1835 taedarum:
452 1801 496 1837 R.
529 1801 620 1842 R.1,
654 1803 688 1844 2,
727 1804 771 1837 14
803 1797 908 1839 'Item
939 1803 1116 1839 dicuntur
1144 1803 1206 1848 qui
1237 1803 1398 1839 vecturis
1431 1806 1568 1846 vivunt,
1599 1803 1697 1839 vela--

276 1869 397 1902 turam
427 1862 561 1903 facere'
593 1872 630 1904 et
661 1869 703 1905 L.
737 1869 780 1905 L.
814 1869 855 1909 V,
889 1870 938 1904 44
969 1863 1182 1905 'Velabrum
1214 1880 1236 1905 a
1269 1869 1453 1906 vehendo.
1480 1869 1695 1905 Velaturam

278 1931 400 1968 facere
429 1933 543 1969 etiam
565 1945 661 1970 nunc
690 1934 877 1979 dicuntur,
908 1935 971 1981 qui
1000 1935 1038 1971 id
1068 1934 1238 1972 mercede
1256 1929 1418 1972 faciunt'.
1458 1934 1568 1980 Quod
1588 1946 1697 1972 vocae-

277 1997 401 2034 bulum
427 2010 511 2036 cum
537 1999 584 2035 ab
602 2001 675 2038 alio
697 2002 882 2047 scriptore
898 2001 998 2037 nullo
1013 2005 1236 2046 usurpatum
1269 2001 1437 2048 legerim,
1468 2010 1541 2037 non
1568 2000 1698 2038 dubito

278 2065 365 2110 quin
386 2066 424 2101 in
446 2076 620 2104 sermone
640 2067 786 2113 plebeio
807 2067 884 2105 solo
913 2068 1034 2104 locum
1067 2067 1274 2104 obtinuerit
1304 2078 1426 2113 neque
1456 2077 1630 2113 umquam
1661 2069 1697 2102 in

277 2130 444 2177 linguam
475 2132 683 2179 elegantius
714 2133 914 2171 dicentium
946 2134 1152 2170 transierit.
1195 2133 1412 2170 Derivatum
1434 2137 1559 2170 autem
1590 2137 1648 2170 est
1676 2144 1698 2169 a

280 2192 446 2233 velando
476 2199 589 2236 verbo
620 2199 899 2236 denominativo
930 2198 1154 2236 substantivi
1187 2194 1316 2235 «velum
1364 2199 1555 2245 (vehulum
1596 2199 1632 2234 h.
1664 2209 1694 2235 e.

276 2262 323 2306 id,
356 2264 461 2299 cuius
493 2275 563 2310 ope
594 2265 734 2311 aliquid
765 2266 941 2311 vehitur).
970 2265 1124 2302 Videtur
1153 2265 1270 2311 igitur
1301 2264 1484 2302 vocabulo
1510 2259 1695 2299 velatura

279 2324 326 2364 G.
363 2325 496 2365 (lm-tit
527 2328 587 2373 (G.
618 2330 663 2365 Ε.
696 2343 730 2377 p.
754 2332 843 2378 181)
873 2333 1048 2369 iudicium
1079 2331 1234 2371 firmari,
1256 2333 1317 2378 qui
1335 2335 1460 2369 censet
1491 2342 1536 2368 ex
1568 2330 1695 2367 radice

279 2391 363 2430 vela-
395 2394 555 2442 (sanscr.
587 2394 691 2441 aaa,
743 2409 873 2444 graec.
915 2397 1001 2446 ὲχ-)
1053 2409 1124 2435 non
1156 2399 1274 2435 solum
1304 2397 1418 2435 verba
1451 2392 1689 2440 vehiculum,

278 2457 410 2498 vehes.
460 2467 623 2499 vectura
669 2469 753 2500 orta
796 2475 875 2501 esse
925 2463 990 2500 sed
1032 2465 1145 2500 etiam
1195 2459 1343 2507 velum,
1388 2464 1492 2500 cuius
1533 2462 1696 2508 genuina

277 2528 396 2565 forma
425 2528 541 2566 fuerit
562 2525 737 2565 veh-cam
763 2531 820 2567 vel
844 2526 1029 2581 wey-lum.
1079 2530 1208 2575 Itaque
1228 2529 1462 2566 substantivo
1508 2523 1693 2564 velatura

276 2595 553 2640 comprobatum
587 2597 800 2642 primitivae
829 2597 992 2634 notionis
1022 2594 1034 2645 (
1040 2597 1077 2633 h.
1109 2606 1143 2633 e.
1187 2595 1359 2640 vehendi)
1411 2595 1568 2642 vestigia
1596 2594 1696 2631 vocis

282 2656 409 2696 velum
438 2662 475 2697 in
507 2661 620 2698 verbo
651 2662 929 2699 denominativo
962 2656 1124 2699 velandi
1151 2666 1230 2698 tum
1263 2662 1376 2698 etiam
1407 2661 1581 2708 viguisse,
1613 2671 1694 2698 cum

276 2725 548 2764 substantivum
583 2724 767 2764 velatura
799 2727 846 2765 ab
879 2739 922 2765 eo
953 2730 1136 2775 originem
1184 2726 1345 2765 duxerit.
1392 2727 1581 2773 Quantum
1631 2736 1696 2763 nos
