1833 3048
804 109 852 144 67

79 239 291 293 auriqari:
333 244 402 280 sat.
440 240 486 278 fr.
519 242 596 278 316
629 238 693 290 (R.
728 242 816 287 171,
840 243 879 287 2)
911 236 1060 280 ‘natura
1100 237 1310 290 aurigatur'
1351 243 1386 280 h.
1420 255 1453 281 e.
1485 245 1592 290 quasi

162 309 201 345 in
246 307 403 355 aurigae
446 315 590 344 morem
630 307 849 344 moderatur
892 311 930 344 et
969 309 1080 355 regit.
1127 307 1176 345 cf.
1217 308 1314 346 Gell.
1358 311 1418 355 14,
1465 312 1498 355 1,
1541 311 1591 348 23

164 367 399 410 ‘ducentibus
428 371 548 409 stellis
575 376 613 409 et
632 366 914 419 aurigantibus‘.
959 373 1134 410 Activam
1164 374 1274 411 huius
1296 375 1400 412 verbi
1430 375 1594 414 formam

165 449 276 476 sensu
304 439 460 486 proprio
491 437 538 474 de
568 439 722 485 aurigae
759 439 909 475 actione
947 439 1087 477 dictam
1124 440 1303 478 adhibent
1342 440 1437 478 Plin.
1466 441 1514 480 N.
1545 443 1593 480 H.

168 505 218 541 33
251 502 340 551 (27)
372 505 434 541 90.
495 503 599 541 Suet.
632 504 744 553 (Ner.
778 506 822 550 4,
856 505 930 549 522;
974 507 1046 550 243
1079 506 1142 542 53.
1212 504 1331 554 Cang.
1369 509 1414 544 is
1454 512 1493 545 et
1530 510 1594 545 54.

169 571 244 609 Vit.
277 570 356 616 17).

87 647 312 674 aur-orare:
354 640 425 674 sat.
457 635 503 673 fr.
540 637 609 672 121
644 635 710 680 (R.
749 636 837 682 133,
861 636 902 681 9)
933 631 1102 674 ‘aurorat
1127 639 1310 675 ostrinum
1349 639 1409 676 1110
1446 640 1600 678 indutus

171 696 398 750 supparum',
438 702 538 748 quod
568 701 722 738 verbum
764 713 809 738 ex
838 701 951 739 Nonii
982 704 1109 740 codice
1142 704 1171 741 L
1202 716 1249 741 m.
1280 716 1316 751 p.
1354 709 1459 743 recte
1496 718 1600 744 rece-

171 774 309 815 perunt
338 773 375 806 et
391 768 455 806 alii
486 773 523 806 et
540 762 760 804 Buecheler
776 769 815 804 in
843 769 1010 806 editione
1042 771 1146 807 satir.
1170 770 1331 808 Varron.
1378 771 1448 809 Est
1474 776 1600 810 autem

172 834 412 872 referendum
438 834 485 871 ad
501 845 596 879 eum,
619 834 681 881 qui
701 845 865 872 aurorae
887 836 1007 873 instar
1029 836 1271 883 splendorem
1292 838 1447 875 rutilum
1469 838 1599 876 efficit.

174 897 334 952 Roeper
364 900 583 946 (Eumenid.
603 900 686 937 rell.
710 900 758 942 11,
780 911 815 946 p.
844 897 909 949 13)
942 902 997 938 his
1032 902 1156 939 verbis
1179 902 1388 941 Varronem
1412 902 1603 953 Serapidis

177 968 400 1015 religionem
431 967 643 1013 respexisse
673 970 711 1003 et
749 966 856 1003 huius
885 967 943 1004 dei
976 968 1176 1015 imaginem
1208 969 1453 1016 descripsisse
1482 972 1603 1018 suspi-

175 1037 297 1072 catur.
338 1033 441 1071 Idem
462 1034 518 1070 vir
539 1033 673 1070 doctus
694 1044 741 1069 ex
762 1033 955 1080 glossariis
985 1034 1086 1072 locos
1108 1036 1287 1082 quosdam
1319 1035 1440 1082 affert,
1471 1038 1604 1084 quibus

155 1135 157 1137 .
180 1099 334 1137 verbum
363 1099 570 1137 aurorandi
600 1109 641 1136 re
661 1109 750 1135 vera
770 1100 938 1137 extitisse
954 1100 1210 1147 confirmatur,
1243 1102 1344 1139 velut
1372 1104 1484 1149 gloss.
1507 1105 1604 1152 Ang.

178 1166 271 1203 Mai.
311 1166 421 1202 class.
461 1168 560 1203 auct.
601 1164 692 1202 VIII
729 1176 763 1211 p.
796 1166 844 1201 56
884 1159 1075 1205 ‘aui-orare
1114 1168 1344 1213 illuminare,
1382 1168 1604 1216 clarificare,

181 1225 399 1270 irradicare'
445 1232 466 1268 i.
509 1242 541 1268 e.
586 1224 818 1275 ‘irradiare’3
879 1230 999 1269 Gloss.
1045 1232 1129 1271 Lat.
1177 1232 1304 1272 Germ.
1349 1229 1609 1284 Diefenbach

178 1291 373 1337 ‘aurorare
401 1297 633 1343 verluchten,
666 1291 895 1334 verlichten'.

99 1359 375 1402 *eunuckarez
409 1367 479 1401 sat.
495 1362 542 1401 fr.
561 1364 638 1400 235
661 1363 727 1406 (R.
751 1364 837 1409 153,
861 1359 929 1413 10)
960 1357 1032 1411 ‘qui
1061 1374 1100 1402 se
1121 1359 1319 1402 0111111011111ι
1350 1367 1375 1404 i.
1393 1377 1425 1404 e.
1457 1370 1610 1406 castrat.

186 1430 321 1469 Altera
332 1430 465 1474 forma,
484 1441 580 1477 quae
597 1430 645 1468 ad
660 1440 839 1477 graecum
856 1423 1126 1476 εὐνουχίζων
1145 1432 1154 1451 ¹
1159 1443 1170 1479 )
1185 1431 1363 1469 continuo
1380 1443 1419 1469 se
1432 1432 1610 1480 applicat,

184 1500 289 1535 extat
319 1508 379 1544 ap.
400 1496 557 1534 Hieron.
588 1501 708 1534 contr.
738 1496 921 1533 Iovinian.
959 1499 990 1544 1,
1015 1498 1036 1532 7
1069 1490 1371 1535 ‘eunuchizatus’.

105 1559 371 1601 *mulierare1
421 1566 494 1600 sat.
541 1562 587 1600 fr.
629 1563 707 1600 ‘205
753 1562 817 1606 (R.
853 1565 940 1608 147,
965 1563 1007 1607 3)
1053 1550 1123 1601 ’1110
1165 1563 1349 1610 ephebum
1392 1559 1615 1603 mulieravit’

191 1628 226 1666 h.
252 1641 283 1667 e.
319 1639 476 1677 puerum
498 1627 665 1666 nondum
685 1628 959 1674 devirginatum
988 1629 1169 1676 polluere.
1202 1629 1248 1667 cf.
1281 1625 1429 1667 Vahlen
1456 1631 1614 1669 coniect.

189 1707 225 1743 p.
259 1696 321 1733 53.
358 1695 482 1734 Gloss.
512 1694 634 1733 Labb.
667 1688 838 1731 'muliero
870 1690 1133 1741 yvvacm‘gm?

109 1758 374 1812 *exequia‘ri:
421 1765 492 1799 sat.
534 1760 580 1798 fr.
623 1762 673 1797 47
715 1761 777 1807 (R.
814 1761 902 1803 109,
924 1762 964 1807 5)
1009 1756 1143 1808 ‘ipsum
1186 1765 1345 1808 propter
1389 1762 1450 1798 vix
1493 1762 1620 1800 liberti

195 1828 408 1866 semi-atrati
440 1821 698 1875 exequiantur'
731 1827 767 1864 h.
801 1838 832 1864 e.
865 1828 1044 1874 exequias
1074 1829 1251 1875 prosequi
1290 1833 1327 1865 et
1363 1832 1432 1865 sat.
1464 1827 1509 1865 fr.
1541 1829 1618 1867 303

195 1894 256 1940 (R.
293 1895 381 1940 168,
418 1893 455 1941 1)
497 1886 618 1931 ‘funus
666 1894 857 1940 exequiati
901 1922 908 1929 .
942 1922 949 1929 .
984 1923 992 1930 .
1025 1922 1031 1930 .
1079 1894 1313 1932 silicernium
1366 1888 1620 1932 confecimus'.

190 1959 229 1998 cf
268 1955 497 1997 Buecheler
527 1959 624 1997 Mus.
657 1959 728 1996 Rh.
761 1958 836 1997 XX
865 1971 902 2006 p.
936 1961 1027 1997 406.

105 2021 352 2063 *satullare2
385 2030 455 2064 sat.
486 2026 532 2063 fr.
566 2027 638 2063 401
683 2026 748 2071 (R.
787 2027 874 2074 192,
894 2026 936 2070 2)
969 2013 987 2061 ‘.
1011 2055 1018 2062 .
1042 2054 1050 2062 .
1081 2023 1420 2075 cal-ne5,1}q11ibus
1449 2026 1622 2064 satullem

193 2091 356 2140 corpora
389 2104 433 2131 ac
463 2092 600 2130 famem
623 2086 772 2129 ventris'
803 2091 850 2129 ab
871 2092 1057 2129 adjectivo
1086 2088 1262 2129 sedullus
1294 2092 1354 2136 (R.
1374 2093 1623 2139 R.11,2,15)

191 2158 401 2196 derivatum
431 2170 499 2205 pro
530 2159 773 2197 usitatissimo
803 2157 917 2195 verbo
934 2158 1144 2195 saturandi.
1189 2159 1314 2196 Gloss.
1333 2158 1451 2195 Labb.
1475 2144 1624 2196 ‘satullo

191 2216 422 2274 χορτάζω.’

109 2288 338 2328 *ιαηὶσανεε
376 2296 447 2328 sat.
477 2290 524 2328 fr.
558 2291 636 2328 242
670 2290 732 2336 (R.
754 2292 842 2338 155,
863 2290 901 2338 3)
934 2292 1036 2329 ‘haec
1066 2291 1255 2339 lanigeras
1282 2291 1480 2329 detonderi
1501 2292 1627 2330 docuit

198 2357 443 2404 tunicamque
483 2352 711 2404 homullum,
758 2357 856 2404 quod
894 2357 1049 2395 verbum
1088 2358 1173 2395 ideo
1213 2358 1441 2395 enotandum
1484 2359 1626 2405 putavi,

196 2425 285 2471 quia
314 2435 398 2461 cum
426 2424 549 2462 forma
570 2422 777 2461 tunicatus
800 2421 997 2469 (continuo
1028 2435 1050 2461 a
1081 2422 1221 2461 tunica
1253 2429 1336 2461 orta
1365 2423 1414 2460 cf.
1436 2418 1630 2460 Bordelle'

199 2500 236 2537 p.
268 2489 337 2537 20)
365 2491 465 2537 apud
495 2491 633 2529 multos
662 2491 889 2536 inveniatur,
921 2489 1026 2527 verbi
1058 2485 1276 2527 tanicande·
1302 2490 1499 2537 vestigium
1529 2490 1629 2536 apud

201 2557 341 2596 nullum
374 2557 488 2595 alium
521 2558 743 2604 scriptorem
773 2560 888 2594 extat.

210 2667 238 2709 1)
266 2657 480 2711 εὐγονχὶζειν
506 2667 648 2699 verbum
676 2670 815 2708 praeter
840 2666 933 2698 locos
965 2666 998 2697 in
1030 2666 1197 2707 Stephani
1230 2665 1411 2696 Thesauro
1448 2667 1630 2708 congestos

115 2725 187 2768 legi
213 2724 306 2766 apud
334 2724 457 2756 Galen.
484 2725 552 2755 XII
580 2725 643 2755 ‘277
672 2722 765 2766 (bis).
801 2724 878 2754 326.
907 2724 984 2763 3⁶27,
1020 2724 1190 2765 Anonym.
1228 2722 1269 2754 de
1304 2722 1394 2754 cibis
1430 2723 1470 2752 14
1495 2732 1527 2762 p.
1553 2722 1630 2761 259,

119 2781 282 2814 Michael.
310 2781 413 2822 Glyc.
440 2781 563 2813 Annal.
591 2781 634 2812 lV
662 2792 693 2822 p.
722 2781 798 2811 563.
1423 2824 1472 2862 5*
