1833 3048
834 98 878 153 31

103 236 141 268 et
205 230 243 268 id
296 240 414 277 genus
474 229 562 266 alia.
646 228 842 266 Feminina
895 230 1047 266 nomina
1086 230 1151 266 illa
1201 241 1297 276 quae
1337 229 1375 266 in
1423 223 1616 273 -cudo(n)-

114 299 265 341 exeunt,
296 295 497 342 praecipue
527 298 658 340 poetas
690 296 882 332 scaenicos
912 296 949 331 in
981 294 1123 332 deliciis
1146 294 1322 332 habuisse
1345 298 1446 333 recte
1477 293 1618 331 iudicat

111 358 286 399 Corssen
315 358 380 410 (K.
411 360 458 398 B.
487 372 523 407 p.
545 362 655 405 524).
687 361 761 398 Sed
791 362 829 397 in
858 359 988 397 infima
1008 371 1154 407 quoque
1181 361 1332 408 linguae
1363 363 1489 398 aetate
1518 360 1617 398 haud

110 439 231 475 pauca
265 437 396 464 eorum
425 433 509 464 orta
539 437 622 464 esse
652 432 812 474 apparet
841 439 887 464 ex
918 428 1051 472 indice,
1083 438 1193 473 quem
1234 409 1425 463 'Pauci-er
1456 426 1618 469 (Subre-

104 495 194 532 licta
222 504 258 540 p.
295 491 361 539 12)
398 494 606 539 proposuit,
657 493 718 530 ubi
761 494 973 531 huiusmodi
1018 495 1228 531 recentiora
1272 493 1422 531 nomina
1467 503 1619 530 enume-

107 564 239 597 rantur
267 559 426 597 XXXII.
456 558 498 595 In
532 559 764 605 elegantiore
793 560 934 606 lingua,
981 570 1053 606 qua
1083 560 1286 605 scriptores
1315 559 1542 605 posteriores
1562 558 1619 595 usi

103 631 211 670 sunt,
262 626 401 663 multae
460 636 504 662 ex
553 625 610 661 liis
657 624 944 662 formationibus
1001 625 1263 662 obsoleverunt
1310 629 1348 661 et
1413 625 1477 670 iis,
1523 635 1619 671 quae

108 694 145 730 iu
162 696 243 728 -tas
271 695 420 733 exeunt,
467 695 682 736 cesserunt,
716 692 821 729 velut
849 685 1052 739 caritudo,
1086 686 1324 741 firmitudo,
1369 685 1619 741 qracilz'tudo

107 762 146 794 et
175 758 272 795 aliae
303 757 500 803 quaedam,
532 768 627 804 quas
668 756 826 794 Corssen
859 768 895 804 p.
915 758 992 793 527
1024 757 1189 804 collegit.
1227 755 1521 804 significationis
1549 755 1622 793 dis-

107 823 248 860 crimen
278 823 376 860 inter
404 823 471 860 has
492 822 586 860 duas
608 822 667 860 for
681 824 865 860 mat-‚iones
888 823 1031 860 nullum
1062 824 1298 861 intercedere
1328 822 1494 859 affirmat
1524 822 1620 860 Gell.

115 892 174 933 13,
208 892 243 927 3.
276 889 420 927 Horum
466 889 736 927 vocabulorum
797 891 979 927 nonnulla
1022 891 1059 927 in
1099 890 1279 926 Varronis
1326 889 1433 926 libris
1481 892 1623 934 extant,

109 965 204 1001 quae
246 966 331 992 cum
363 967 385 992 a
416 955 606 992 latinitate
636 955 780 993 urbana
810 955 1052 1001 abhorreant,
1096 956 1259 1003 vulgaris
1290 960 1329 992 et
1376 955 1508 992 rustici
1539 965 1619 992 ser-

106 1021 227 1058 monis
243 1021 418 1059 videntur
446 1022 602 1068 propria
632 1021 754 1066 fuisse,
787 1022 908 1059 velut:

110 1083 367 1123 amaritudo:
399 1088 445 1125 R.
477 1086 521 1124 R.
553 1088 593 1133 1.,
627 1089 676 1124 66
707 1091 745 1125 et
773 1088 871 1125 idem
901 1099 960 1133 ap.
994 1086 1104 1133 Plin.,
1128 1087 1267 1133 Quint„
1299 1088 1381 1124 Val.
1416 1088 1519 1125 Max.

105 1148 372 1203 pinquimdo:
405 1154 450 1191 R.
481 1154 527 1191 R.
557 1153 604 1198 ΙΙ,
638 1156 675 1199 4,
709 1155 730 1190 6
763 1158 801 1191 et
837 1155 884 1190 12
919 1158 956 1190 et
987 1165 1047 1200 ap.
1079 1153 1158 1191 Col.
1192 1153 1335 1191 Pallad.

113 1215 325 1256 raritudo:
358 1220 460 1257 L.L.
494 1220 539 1264 V,
577 1222 651 1257 130
681 1225 719 1257 et
748 1220 828 1258 Col.
862 1217 972 1269 (Arb.
1004 1220 1040 1264 3,
1072 1220 1129 1264 7).

116 1280 362 1321 teneritudo:
419 1285 463 1322 R.
506 1286 550 1323 R.
582 1286 610 1331 Ι,
645 1289 694 1324 36
726 1292 763 1324 et
806 1286 903 1324 idem
935 1298 995 1333 ap.
1045 1286 1146 1324 Suet.
1185 1286 1268 1324 Tib.
1305 1288 1378 1331 44;
1411 1285 1556 1323 Pallad.
1589 1288 1624 1325 2.

207 1352 278 1397 153
312 1353 348 1395 6,
383 1353 418 1388 9.

118 1412 359 1454 assuetudo:
391 1417 435 1454 L.
473 1418 516 1455 L.
550 1418 615 1462 IX,
649 1419 715 1466 20,
745 1418 844 1465 quod
892 1418 1112 1455 vocabulum
1148 1418 1195 1455 ab
1239 1418 1412 1455 oratione
1459 1417 1626 1465 pedestri

198 1482 438 1521 ciceroniani
486 1485 666 1531 temporis
706 1485 870 1522 alienum
929 1485 1095 1521 occurrit
1138 1496 1198 1532 ap.
1258 1484 1363 1522 Ovid.
1406 1484 1485 1521 Liv.
1535 1484 1624 1521 Tac.

199 1547 452 1586 Substantivis
481 1549 520 1586 in
550 1544 642 1585 -edo
674 1549 908 1597 exeuntibus,
954 1561 1050 1597 quae
1100 1550 1318 1587 derivantur
1367 1561 1389 1586 a
1432 1548 1556 1587 verbis
1588 1549 1625 1584 in

198 1613 282 1650 -ere
311 1613 583 1663 desinentibus,
616 1615 737 1652 Varro
766 1616 884 1653 utitur
913 1616 991 1652 his:

128 1676 337 1731 *friyedoz
372 1685 443 1718 sat.
473 1680 519 1718 fr.
554 1683 604 1718 77
636 1682 700 1726 (R.
726 1684 814 1725 114,
847 1683 890 1725 2)
919 1676 1121 1729 ‘aquilonia
1155 1676 1321 1728 frigedo'.

122 1743 351 1797 pinyuedoz
381 1747 425 1784 L.
458 1747 502 1784 L.
534 1747 665 1784 XXIII
714 1747 772 1784 ed.
806 1748 931 1785 Wilm.
963 1759 999 1794 p.
1037 1750 1121 1791 167,
1152 1750 1215 1785 35.
1260 1748 1355 1786 Gall.
1376 1748 1549 1786 Fundan.
1579 1748 1625 1784 fr.

206 1814 255 1850 VI
279 1813 337 1851 ed.
371 1813 482 1851 Riese
516 1825 551 1861 p.
587 1815 684 1860 2543
717 1814 888 1860 idemque
909 1814 1127 1851 vocabulum
1149 1818 1254 1851 extat
1282 1826 1342 1861 ap.
1363 1814 1458 1852 Plin.
1481 1813 1626 1851 Pallad.

205 1880 352 1923 Sidon.;
383 1878 428 1915 cf.
462 1879 565 1916 Serv.
595 1879 644 1916 ad
674 1880 786 1926 Verg.
811 1880 949 1927 Georg.
982 1881 1016 1924 3,
1054 1882 1125 1916 125
1158 1880 1203 1917 de
1224 1879 1330 1917 buius
1346 1880 1517 1917 vocabuli
1546 1892 1626 1917 usu.

200 1945 307 1982 Addo
329 1945 384 1981 his
406 1944 678 1982 substantivum
711 1944 931 1982 femininum
962 1957 1006 1982 ex
1039 1947 1158 1983 classe
1189 1957 1331 1988 eorum,
1362 1958 1559 1993 quaecum
1588 1947 1624 1981 in

207 2021 302 2061 —qon
331 2014 481 2055 exeant,
522 2015 611 2048 ante
642 2009 815 2048 suffixum
847 2012 1014 2049 vocalem
1045 2012 1194 2059 longam
1230 2010 1285 2057 (ὁ,
1315 2010 1342 2057 ἲ,
1374 2011 1416 2057 22)
1452 2012 1628 2050 exhibent

209 2075 272 2122 (cf.
307 2076 349 2113 L.
381 2078 515 2123 Meyer
544 2077 673 2124 Vergl.
706 2076 873 2114 Gramm.
906 2078 953 2121 Il,
973 2078 1087 2122 413):

130 2140 334 2193 *esarz'gyoe
357 2147 426 2179 sat.
459 2143 506 2179 fr.
538 2145 612 2179 521
648 2144 712 2187 (R.
746 2145 836 2185 223,
868 2142 908 2190 9)
937 2137 1046 2189 ‘quod
1090 2144 1239 2190 esurigo
1284 2142 1450 2180 findebat
1491 2146 1626 2180 costas.

823 2207 842 2255 ξ
877 2212 909 2245 9.

237 2273 331 2309 Tum
353 2273 487 2312 suffixo
509 2260 604 2311 «ἷίίῇ
635 2275 910 2312 conformatum
943 2276 1184 2313 memorabile
1218 2281 1255 2312 ct
1306 2277 1468 2313 Varroni
1517 2287 1631 2322 pecu-

128 2339 219 2374 liare
249 2338 401 2375 videtur
431 2339 732 2377 substantivum:

128 2400 328 2453 *puritdaz
366 2408 434 2440 sat.
469 2403 514 2441 fr.
548 2406 626 2441 420
659 2403 724 2456 (R.
762 2408 848 2452 199,
879 2408 922 2447 4)
954 2400 987 2443 'a
1015 2409 1158 2454 puritia
1185 2402 1350 2445 mundus'
1381 2413 1420 2444 et
1441 2409 1529 2446 Rer.
1557 2408 1631 2444 div.

134 2469 195 2505 lib.
230 2469 452 2515 lap.N‹.n.
490 2472 575 2516 156,
596 2474 617 2505 6
649 2470 754 2518 ‘quae
798 2473 938 2518 puritia
985 2477 1043 2509 est
1091 2473 1306 2520 infrequens
1353 2468 1520 2521 polluta',
1570 2474 1635 2512 ubi

129 2535 278 2573 codices
308 2535 460 2582 quidem
491 2548 619 2574 omnes
649 2537 828 2574 exhibent
856 2532 1054 2583 'puer-itia',
1078 2539 1143 2575 sed
1174 2550 1256 2575 cum
1274 2539 1385 2576 Nonii
1415 2540 1551 2578 lemma
1586 2542 1636 2577 sit

130 2595 304 2647 'pueritia
348 2597 512 2647 puritas'‚
559 2605 631 2640 iam
662 2604 748 2639 olim
777 2604 1008 2648 scripserunt
1052 2608 1156 2640 recte
1187 2615 1218 2640 v.
1252 2615 1282 2640 v.
1309 2606 1369 2642 dd.
1391 2606 1569 2643 Passerat
1597 2611 1634 2643 et

132 2666 265 2704 Schott
286 2671 323 2704 et
356 2667 562 2713 Quiclierat
593 2666 764 2719 puritia.
798 2670 922 2706 Alium
955 2670 1134 2706 Varronis
1167 2670 1429 2708 locuminveni
1460 2673 1496 2708 in
1514 2672 1634 2710 lexico

134 2729 183 2767 de
219 2727 324 2777 sitii,
357 2734 417 2779 qui
451 2735 547 2772 unde
576 2739 744 2781 sumptus
775 2736 824 2772 sit
854 2746 926 2772 ron
952 2735 1138 2772 indicatur
1163 2748 1281 2783 neque
1312 2738 1392 2784 ipse
1423 2738 1546 2776 adhuc
1574 2749 1636 2777 co-
