1833 3048
943 65 993 100 26

294 197 428 244 quibus
467 197 512 235 cf.
566 192 793 233 Wilmmms
833 198 888 234 De.
928 197 1110 234 Varronis
1153 196 1257 234 libris
1291 198 1545 244 grammaticis
1574 209 1610 244 p.
1646 199 1721 234 100

295 269 331 300 et
364 265 441 300 209
472 274 526 310 sq.
560 268 598 300 et
627 257 800 299 Kettner
831 263 990 300 Vax-ron.
1023 262 1176 300 Studien
1212 275 1247 310 p.
1283 264 1325 297 11
1363 274 1417 310 sq.

213 338 422 377 attractio:
454 341 497 378 L.
529 341 627 383 LX,
661 341 683 376 6
714 333 935 377 'litterarum
956 337 1158 383 attractio',
1189 351 1348 386 quocum
1381 340 1554 378 conferas
1573 342 1718 379 Pallad.

295 410 388 453 Apr.
421 411 457 453 4,
491 409 512 443 3
546 398 735 454 'rugarum
767 399 968 443 attractio'.

322 475 418 510 Item
449 473 613 510 formata
643 473 880 510 substantiva
909 475 1109 518 praeterea
1139 472 1231 509 haec
1263 477 1368 508 sunt:

215 549 393 602 apertio:
445 551 490 588 R.
531 550 576 588 R.
618 551 646 596 Ι,
694 553 757 599 63.
803 553 818 586 1
863 538 970 596 ¹quod
1010 561 1090 586 cum
1139 551 1307 596 periculo
1353 551 1533 587 introitur
1581 552 1722 587 recenti

299 613 515 664 apertione’,
547 628 641 664 quae
680 628 751 654 vox
791 622 826 653 et
867 618 904 653 in
946 617 1067 662 prisca
1098 621 1134 652 et.
1172 617 1208 653 in
1247 616 1496 653 Ciceroniana
1535 616 1724 653 latinitate

295 685 468 721 inaudita
498 684 688 729 reperitur
719 695 779 730 ap.
808 683 934 729 Apul..
968 681 1069 719 Cael.
1101 683 1243 729 Aurel„
1275 682 1421 719 Pallad.
1458 712 1461 713 γ

216 756 447 811 *Aepolitz'oz
479 767 547 798 sat.
579 759 626 797 fr.
661 762 740 797 589
772 759 834 805 (R.
868 762 960 801 238,
993 760 1034 802 5)
1066 757 1162 807 ‘quid
1201 762 1335 797 mirum
1349 760 1367 795 Ῥ
1408 771 1452 796 ex
1492 760 1571 806 agri
1614 759 1726 806 depo-

295 827 491 864 litionibus
510 821 720 869 eiciuntur',
751 827 798 863 ad
829 837 924 872 quae
945 826 1059 863 verba
1078 826 1251 863 conferas
1273 827 1379 863 Paul.
1409 837 1453 862 ex
1476 825 1578 863 Fest.
1601 837 1636 871 p.
1661 827 1723 861 71.

298 896 348 930 20
380 883 594 940 'depolitum
625 893 846 940 perfectum,
878 894 965 938 quia
995 903 1122 929 omnes
1152 892 1402 938 perfectiones
1443 893 1586 938 antiqui
1624 893 1718 938 poli-

303 961 423 997 tiones
454 954 726 1006 appellabant'.
771 959 956 995 Videntur
986 960 1102 1005 igitur
1132 959 1225 1004 ‘agri
1245 952 1506 1004 depolitiones’
1538 964 1727 995 concreta.

302 1036 396 1072 quae
427 1025 579 1067 dicitur,
608 1026 763 1062 notione
794 1026 940 1071 positae
975 1035 1056 1060 esse
1086 1035 1155 1070 pro
1186 1025 1286 1070 agris
1316 1024 1603 1071 diligentissime
1633 1025 1728 1060 villis

301 1097 337 1128 et
370 1092 489 1128 hortis
520 1097 589 1129 etc.
623 1092 821 1139 perpolitis
851 1096 965 1137 atque
995 1092 1198 1127 exornatis.

219 1164 431 1206 dormitio:
463 1174 533 1207 sat.
565 1169 610 1207 fr.
642 1172 721 1206 485
753 1169 819 1212 (R.
852 1170 944 1207 217.
976 1170 1018 1213 3)
1054 1165 1087 1204 '0
1126 1168 1238 1205 stulta
1278 1168 1398 1204 nostri
1437 1168 1601 1213 pectoris
1641 1168 1728 1204 dor—

305 1231 418 1273 mitio'
442 1241 476 1272 et
508 1240 580 1273 sat.
611 1234 658 1273 fr.
693 1237 770 1272 588
802 1236 866 1277 (R.
889 1235 980 1279 238,
1004 1234 1047 1275 4]
1080 1222 1163 1280 'quo
1192 1233 1283 1270 mihi
1314 1243 1474 1278 somnos,
1505 1234 1535 1269 si
1556 1233 1731 1270 dormitio

301 1303 447 1340 tollitur
459 1297 486 1338 P*
535 1302 637 1340 Idem
671 1301 892 1339 vocabulum
924 1312 997 1338 uon
1028 1302 1220 1346 reperitur
1249 1301 1318 1337 nisi
1338 1300 1439 1347 apud
1460 1300 1732 1337 ecclesiasticos

305 1370 408 1406 Tert.
440 1369 639 1416 Augustin.
672 1368 891 1415 Hieronym.
923 1374 960 1404 et
999 1367 1190 1403 nonnullis
1223 1367 1339 1404 Italae
1378 1367 1481 1413 locis,
1513 1377 1605 1413 quos
1642 1376 1732 1402 eno-

301 1437 397 1473 tavit
427 1430 609 1472 Roensch
640 1447 674 1482 p.
708 1436 769 1471 73.
801 1458 852 1464 ——
883 1434 929 1471 cs.
965 1424 1212 1470 'obdormitio'
1235 1443 1294 1479 ap.
1314 1433 1509 1480 Augustin.
1530 1433 1568 1469 in
1589 1443 1645 1478 ps.
1669 1434 1731 1473 75,

309 1505 365 1540 10.
398 1498 638 1540 'redormit-io'
670 1502 767 1539 Plin.
805 1502 865 1546 10,
899 1501 990 1544 (98)
1023 1501 1112 1535 211.

217 1578 381 1630 passio:
413 1580 523 1617 Varr.
553 1591 612 1626 ap.
647 1578 792 1617 Charis.
824 1590 860 1625 p.
893 1580 984 1623 24],
1017 1579 1064 1614 33
1107 1575 1170 1618 (cf.
1211 1573 1440 1613 W'ilmanns
1469 1587 1504 1622 p.
1538 1577 1629 1619 206,
1661 1574 1730 1620 81)

304 1636 428 1683 'animi
458 1640 678 1692 passionem'
711 1652 748 1683 et
776 1645 876 1682 idem
908 1655 966 1691 ap.
999 1645 1131 1681 Vellei.
1164 1643 1275 1690 Apul.
1306 1643 1505 1690 Augustin.

218 1719 440 1773 praebitio:
473 1728 543 1761 sat.
562 1722 607 1760 fr.
645 1724 717 1759 143
749 1722 813 1766 (R.
835 1723 923 1759 126.
944 1724 987 1767 3)
1019 1716 1126 1768 'quod
1157 1732 1201 1758 ea
1234 1721 1292 1757 die
1322 1731 1405 1757 mea
1434 1723 1518 1756 erat
1545 1718 1736 1766 praebitio

307 1791 340 1826 iu
373 1791 522 1826 ianuam
555 1782 655 1826 'eave
683 1783 822 1826 eanem'
854 1789 1008 1826 inscribi
1024 1782 1163 1834 iubeo’;
1199 1787 1297 1833 quod
1313 1786 1535 1823 vocabulum
1564 1784 1728 1830 intellegi

303 1860 430 1902 potest
460 1857 504 1893 de
525 1857 714 1903 conviviis,
745 1866 839 1901 quae
868 1856 936 1891 viri
967 1855 1131 1892 amicitia
1159 1856 1260 1891 inter
1288 1864 1326 1890 se
1358 1853 1547 1890 coniuncti
1576 1851 1732 1888 alternis

307 1934 445 1969 parare
475 1922 663 1967 solebant,
713 1923 815 1959 euius
855 1922 969 1958 moris
1006 1921 1216 1968 exemplum
1255 1920 1372 1957 tradit
1401 1919 1498 1957 Gell.
1534 1919 1593 1960 18,
1624 1920 1661 1962 2,
1693 1919 1729 1953 2.

305 1988 460 2025 Omnem
490 1988 590 2025 hanc
619 1990 873 2034 quaestionem
906 1992 1080 2024 accurate
1108 1991 1327 2034 persecutus
1359 1990 1416 2022 est
1436 1980 1594 2034 Βορρᾶν
1615 1984 1730 2027 (Var-

305 2056 408 2092 ronis
445 2055 645 2092 Eumenid.
681 2054 863 2101 reliquiae
907 2055 921 2090 1
954 2066 989 2101 p.
1024 2055 1103 2097 20).
1161 2053 1319 2089 Praeter
1354 2052 1564 2088 Varronem
1602 2049 1732 2087 eodem

307 2121 488 2158 vocabulo
520 2125 678 2158 utuntur
703 2121 837 2157 lustin.
869 2121 932 2157 38.
968 2123 1028 2166 10,
1072 2122 1094 2156 8
1119 2114 1317 2167 'praebitio
1344 2111 1570 2164 copiarum':
1603 2116 1730 2153 Aurel-

309 2187 404 2225 Vict.
438 2187 546 2225 Caes.
588 2189 651 2230 41,
696 2190 742 2224 19
785 2184 865 2225 'olei
894 2186 1147 2233 frumentique
1177 2185 1412 2223 adventiciae
1447 2176 1731 2229 praebitiones':

307 2257 415 2303 Vulg.
458 2257 479 2291 2
512 2257 634 2294 Maec.
675 2258 711 2301 4,
763 2257 810 2293 14
851 2249 1074 2301 ‘palaestrae
1112 2256 1147 2289 et
1188 2250 1436 2298 praebitionis
1477 2246 1734 2296 (χορηγίας)

308 2324 386 2359 eius
415 2318 586 2359 iniustae'
618 2322 664 2360 ef.
698 2318 880 2359 Boenseh
914 2333 950 2368 p.
984 2322 1047 2356 76.

226 2387 406 2424 scansio:
438 2388 481 2425 L.
512 2390 556 2427 L.
590 2389 633 2431 V,
674 2391 749 2427 168
791 2388 956 2435 'simplici
997 2387 1192 2423 scansione
1233 2386 1269 2420 in
1300 2385 1436 2420 lec-tum
1478 2375 1734 2421 scandebant,

316 2455 414 2501 quod
442 2452 716 2493 substantivum
747 2467 769 2492 a
788 2452 1062 2502 posterioribus
1082 2455 1286 2498 usurpatur
1304 2450 1489 2488 translata
1504 2449 1667 2493 notione,
1698 2452 1737 2483 ut

309 2532 329 2557 a
361 2521 504 2558 Vitruv.
548 2522 582 2567 6,
622 2523 655 2568 1,
698 2524 719 2558 6
761 2519 949 2559 ‘sonorum
993 2512 1217 2556 scansiones
1261 2517 1321 2554 vel
1359 2528 1380 2553 a
1420 2515 1590 2553 Diomed.
1632 2514 1735 2550 Serv.

309 2587 414 2624 Beda
443 2592 629 2624 ‘versuum
662 2584 834 2625 scansio⁷.

229 2651 398 2688 vinetia:
432 2653 474 2690 L.
506 2654 552 2691 L.
592 2655 636 2699 V,
680 2655 728 2690 62
774 2642 833 2690 'Et
873 2654 1005 2689 horum
1047 2651 1163 2697 (ignis
1205 2656 1241 2686 et
1280 2647 1414 2695 aquae)
1455 2647 1654 2685 vinctionis
1682 2646 1735 2681 vis

314 2714 445 2756 Venus'
477 2725 513 2755 et
541 2720 638 2757 idem
667 2724 800 2768 postea
828 2730 886 2766 ap.
919 2717 1015 2755 Cels.
1045 2716 1187 2754 Arnob.
1218 2715 1321 2753 Tert..
