1833 3048
827 82 847 115 5

91 213 136 248 R.
168 213 196 257 1,
232 213 267 253 2,
303 215 318 247 1
353 206 410 248 'ab
447 211 637 257 aeditimo,
669 215 707 247 ut
739 211 863 248 dicere
892 212 1088 249 didicimus
1118 224 1140 250 a
1170 214 1341 260 patribus
1371 216 1528 262 nostris3
1563 221 1603 254 ut

88 279 316 326 corrigimur
349 289 370 314 a
398 276 615 314 recentibus
644 276 811 324 urbanis,
844 277 890 315 ab
927 273 1101 315 aedituo'.

201 360 360 398 Omnino
397 361 519 397 Varro
566 363 604 396 et
651 360 713 405 qui
757 360 947 405 antiquam
987 360 1242 397 Romanorum
1282 362 1519 408 disciplinam
1564 367 1601 400 et

96 436 219 464 mores
240 426 517 464 venerabantur
547 430 583 462 et
605 425 790 470 colebant,
821 436 905 462 cum
937 436 983 462 ex
1008 425 1168 463 Graecia
1199 438 1272 465 non
1302 428 1421 465 solum
1451 429 1598 467 litteras

95 496 132 528 et
164 497 265 529 artes
295 492 362 529 sed
391 492 502 528 etiam
520 491 717 528 mollitiem
748 496 785 528 et
814 493 942 529 luxum
972 493 1010 528 in
1039 493 1227 530 civitatem
1249 494 1458 531 Romanam
1479 496 1601 543 irrep-

90 560 180 595 sisse
210 559 406 602 sentirent,
437 569 510 593 una
540 568 622 594 cuni
663 558 847 594 maiorum
886 558 1032 595 vivendi
1078 560 1226 596 ratione
1265 561 1376 597 etiam
1406 563 1600 608 antiquum

90 624 236 661 dicendi
266 635 406 660 merem
444 625 563 670 magis
592 624 784 670 magisque
823 634 1045 662 evanescere
1084 628 1297 673 aegerrime
1338 625 1513 665 ferebant
1549 632 1598 676 et,

89 694 270 735 quantum
291 702 358 736 per
391 701 429 726 se
459 691 558 736 ipsos
590 688 741 733 licebat,
773 691 957 727 maiorum
987 692 1300 729 consuetudinem
1330 693 1494 730 retinere
1522 696 1599 730 stu-

89 755 242 793 debant.
302 756 383 802 Qua
413 756 450 792 in
480 767 522 792 re
552 755 642 792 illud
674 754 826 792 Catonis
857 756 902 793 de
933 753 1078 802 graecis
1106 758 1244 795 litteris
1274 758 1449 795 iudicium
1479 763 1598 804 extat,

87 822 187 868 quod
216 824 418 859 memoriae
449 822 607 858 tradidit
636 821 732 857 Plin.
765 821 812 857 H.
833 821 878 857 N.
902 823 964 858 29.
998 823 1073 871 (7),
1106 826 1153 859 14
1184 818 1495 871 ‘quandocunque
1525 826 1598 862 ista

89 899 180 935 gens
208 899 292 925 suas
322 889 466 924 litteras
495 888 609 932 dabit,
652 888 776 923 omnia
806 883 1046 933 corrumpet',
1092 894 1132 925 ut
1163 891 1346 935 omittam,
1395 891 1493 938 quod
1521 892 1600 938 ipse.

91 954 259 990 Lucilius
281 954 324 990 de
348 955 470 990 nimiis
484 964 642 1000 graecae
664 954 874 1000 elegantiae
895 955 1147 991 imitatoribus
1163 956 1322 1002 protulit
1341 952 1410 999 (cf.
1429 951 1599 993 Bouter-

90 1014 199 1054 weck·
230 1018 412 1065 Philolog-
443 1019 596 1056 XXXII
637 1021 737 1056 1872
770 1032 804 1066 p.
839 1017 950 1068 (391).
1014 1021 1139 1066 Quare
1176 1033 1261 1059 cum
1300 1024 1513 1069 aequalium
1544 1025 1600 1060 ni-

92 1086 204 1122 mium
234 1085 396 1122 novandi
434 1085 595 1122 studium
635 1085 823 1122 fastidiret
862 1097 981 1133 neque
1020 1091 1145 1124 tamen
1186 1098 1278 1133 prae
1316 1087 1492 1125 doctrina
1533 1099 1600 1126 sua

92 1155 131 1188 et
160 1152 430 1198 grammatIcae
461 1153 676 1199 cognitione
706 1153 814 1199 plane
844 1154 1043 1200 neglegere
1072 1159 1209 1200 posset.
1233 1150 1262 1201 ¹)
1314 1155 1471 1199 contigit
1502 1154 1597 1192 Var-

89 1219 185 1261 roni,
226 1222 266 1254 ut
297 1219 420 1254 oratio
449 1220 552 1254 varia
585 1222 621 1254 et
651 1219 868 1255 inconstans
888 1219 1080 1255 videretur
1108 1223 1144 1255 et
1174 1220 1360 1265 permulta
1389 1223 1601 1258 contineret

87 1285 244 1330 propria
275 1284 424 1331 linguae
454 1285 599 1330 priscae
630 1288 664 1321 et
695 1284 876 1321 sermonis
905 1285 1094 1327 cotidiani,
1127 1296 1172 1322 ex
1202 1297 1275 1332 quo
1296 1287 1489 1331 paullatim
1518 1298 1599 1324 cer·

88 1350 136 1384 tis
184 1349 329 1396 legibus
382 1350 599 1396 syntacticis
642 1351 854 1387 constitutis
904 1357 938 1387 et
982 1351 1169 1388 vocabulis
1223 1352 1442 1400 diligentius
1472 1354 1600 1392 electis

90 1426 213 1452 sermo
245 1416 412 1453 urbanus
443 1416 673 1463 emergebat.

184 1582 208 1623 ¹)
235 1583 360 1613 Mirum
387 1583 525 1614 videtur
563 1585 764 1615 Varronem.
793 1585 851 1625 qui
883 1590 1051 1625 qnantum
1088 1584 1159 1615 fieri
1185 1585 1299 1625 potuit
1330 1586 1519 1627 priscorum
1546 1586 1596 1618 di-

88 1641 188 1672 cendi
214 1651 342 1672 morem
368 1642 534 1682 sequitur,
560 1642 593 1672 in
620 1651 820 1681 graecorum
850 1641 1100 1673 vocabulorum
1127 1641 1361 1674 declinatione
1386 1643 1435 1674 ita
1453 1647 1596 1684 versari,

89 1706 125 1729 ut
149 1707 292 1740 graecas
324 1698 585 1729 terminationes
621 1698 716 1729 velut
740 1698 935 1734 ornitliona,
962 1697 1148 1735 Helicona,
1186 1698 1362 1739 lampada,
1398 1700 1594 1734 schemasin

89 1756 206 1786 latinis
223 1754 324 1796 longe
343 1756 543 1796 praeferret,
571 1765 646 1786 cum
669 1757 743 1797 ipse
758 1754 878 1787 Cicero
898 1755 1125 1786 inclinatione
1145 1755 1333 1787 voluntatis
1352 1757 1386 1786 in
1405 1758 1594 1798 priscorum

90 1823 196 1853 genus
235 1812 372 1843 dicendi
409 1813 431 1843 i.
459 1823 487 1843 e.
515 1814 547 1843 in
577 1823 678 1844 usum
715 1813 993 1844 terminationum
1031 1812 1216 1843 latinarum
1255 1813 1389 1854 graecis
1414 1814 1596 1847 vocabulis

87 1870 328 1901 adiuncturum
347 1869 592 1911 propenderet:
622 1880 689 1910 qua
716 1869 756 1900 de
783 1880 817 1900 re
845 1870 1042 1901 conferatur
1065 1869 1203 1901 Corssen
1222 1870 1364 1912 Ausspr.
1383 1869 1434 1902 11²
1459 1882 1491 1912 p.
1517 1873 1594 1912 816,

84 1928 147 1967 qui
184 1927 283 1958 affert
309 1927 416 1958 Plinii
442 1926 550 1957 verba
576 1926 667 1967 apud
695 1926 888 1958 Cliarisium
917 1938 945 1968 p.
974 1928 1015 1958 53
1042 1928 1072 1958 K
1096 1928 1245 1958 tradita:
1284 1919 1403 1966 ‘Quam
1443 1930 1593 1960 maxime

84 1984 198 2015 vicina
225 1984 358 2015 Graeco
379 1984 513 2015 Graeca
530 1983 626 2015 dixit.
654 1988 691 2014 ut
714 1994 778 2015 nee
802 1984 987 2015 schematis
1012 1985 1150 2025 quidem
1178 1986 1273 2016 dicat
1298 1985 1359 2017 sed
1376 1979 1592 2018 schemasm'.

88 2041 181 2073 Idem
206 2041 230 2074 l.
256 2051 284 2072 c.
310 2046 403 2072 recte
429 2041 585 2072 iudicare
610 2041 756 2082 videtur,
783 2050 859 2072 eum
888 2041 994 2072 dicat:
1022 2033 1141 2072 ‘somit
1166 2043 1211 2073 ist
1237 2052 1271 2074 es
1298 2042 1485 2082 glaublioh,
1512 2043 1593 2075 dass

82 2109 123 2129 ei·
148 2098 286 2138 (Varro)
320 2098 426 2130 durch
459 2098 552 2129 seine
580 2099 774 2129 Antoritaet
804 2098 900 2129 nicht
932 2100 1044 2139 wenig
1079 2109 1137 2129 zur
1174 2099 1397 2141 Foerderung
1435 2100 1493 2131 des
1527 2099 1592 2132 Ge-

86 2155 257 2187 brauehes
277 2156 512 2197 griechischer
524 2155 758 2186 VVortformen
775 2155 1003 2197 beigetragen
1028 2156 1141 2187 haben
1166 2151 1268 2198 mag'.
1306 2157 1402 2188 Adde
1429 2157 1522 2198 quod
1550 2157 1590 2188 de

84 2214 150 2244 hae
175 2223 211 2244 re
238 2212 376 2244 disserit
398 2210 570 2244 &Muller
583 2212 622 2243 L.
638 2212 677 2243 L.
696 2222 728 2253 p.
747 2212 900 2243 XXXIX
921 2217 954 2243 et
967 2211 1009 2242 ad
1022 2213 1057 2242 L.
1071 2212 1109 2244 L.
1122 2212 1160 2253 V,
1181 2214 1263 2251 1223
1284 2213 1342 2255 VI,
1361 2214 1518 2254 33.·V11‚
1539 2216 1589 2245 16.

176 2270 338 2302 Fortasse
370 2269 426 2300 hic
458 2271 739 2310 terminationum
766 2278 966 2310 graecarum
992 2279 1073 2301 usus
1111 2280 1150 2301 eo
1194 2270 1388 2310 explicatur
1414 2270 1516 2311 quod,
1554 2279 1592 2304 ut

83 2337 152 2358 non
177 2335 256 2358 raro
282 2326 347 2368 ipsi
373 2326 534 2365 solemus,
561 2327 623 2358 ubi
648 2327 756 2358 latine
783 2327 978 2363 scribimus,
1005 2326 1174 2367 elegantis
1192 2328 1360 2359 sermonis
1376 2328 1472 2370 leges
1490 2338 1590 2361 aceu-

84 2384 256 2415 ratissime
273 2393 425 2422 servare,
440 2388 557 2416 contra
574 2385 636 2415 ubi
654 2384 772 2426 lingua
791 2384 921 2414 utimur
937 2384 1137 2421 vernacula,
1156 2385 1271 2415 varias
1289 2394 1392 2425 saepe
1409 2385 1591 2417 admittere

82 2441 210 2472 formas
245 2451 359 2482 neque
394 2441 515 2472 eadem
552 2442 721 2485 religione
759 2441 871 2472 omnia
908 2450 948 2471 ea
984 2442 1124 2478 evitare,
1163 2451 1250 2482 qnae
1285 2451 1304 2472 a
1329 2441 1473 2474 cultiore
1506 2442 1586 2474 stilo

79 2497 196 2529 aliena
213 2502 302 2537 sunt,
328 2499 377 2529 ita
393 2498 530 2530 videtur
543 2499 664 2539 Varro,
691 2508 758 2541 quo
785 2496 895 2535 manis
908 2498 1033 2529 Italica
1057 2502 1318 2529 secernerentur
1342 2508 1361 2529 a
1387 2499 1530 2531 Graecis
1556 2504 1590 2532 et

82 2556 287 2598 peregrinis,
315 2565 417 2596 quam
443 2555 700 2597 religiosissime
727 2564 872 2598 graecae
907 2555 1049 2595 linguae
1089 2555 1181 2597 leges
1213 2555 1398 2586 observare
1425 2556 1588 2595 voluisse,

83 2612 143 2644 ubi
175 2623 301 2654 graeca
332 2612 503 2644 voeabula
529 2614 677 2645 orationi
703 2611 887 2644 inserenda
913 2616 1045 2647 essent;
1083 2622 1122 2642 ac
1155 2612 1302 2644 fortasse
1333 2614 1467 2654 graecis
1501 2613 1587 2645 adeo

82 2670 205 2702 litteris
229 2680 310 2702 usus
342 2674 393 2701 est
417 2672 452 2701 in
479 2670 680 2708 seribendo;
720 2671 784 2701 hoc
808 2673 923 2701 tamen
958 2668 1050 2711 quod
1082 2670 1203 2702 ultimo
1238 2672 1313 2702 loeo
1350 2672 1452 2712 posui
1489 2681 1582 2703 nova

84 2726 217 2769 indiget
241 2728 505 2769 perquisitione.
