1833 3048
777 96 822 153 Ψ

124 233 244 270 veniri
263 225 465 278 ‘impostor'
490 230 556 275 (cf.
578 218 806 275 ‘impostura‘
831 228 914 275 Ulp.
935 229 1021 275 Dig.
1041 229 1103 271 47,
1124 229 1185 273 20,
1206 228 1242 275 3,
1268 228 1317 273 1),
1334 239 1428 274 quae
1450 229 1552 265 dein-

126 309 212 345 ceps
243 296 290 334 ad
320 297 466 344 linguas
496 295 721 332 Romanicas
751 293 894 331 adscita
924 296 996 330 est.

42 386 218 412 mensor:
250 375 293 412 R.
329 374 371 411 R.
404 373 432 417 Ι,
473 374 528 411 10.
561 373 582 407 2
615 376 652 408 et
681 371 780 417 apud
812 371 905 408 Hor.
937 370 1041 409 Ovid.
1076 370 1171 409 Plin.
1203 371 1311 410 alios.

44 447 387 502 *obstriyillatort
429 454 497 487 sat.
531 447 577 486 fr.
612 449 689 484 436
723 447 789 493 (R.
822 449 911 493 202,
944 448 988 492 5)
1019 442 1221 485 ‘aemulum
1250 448 1348 486 illius
1377 450 1468 486 artis
1497 454 1554 487 at—

127 530 198 565 que
220 509 563 563 obstrigillatorem'
595 526 618 552 a
636 514 750 551 verbo
772 513 1063 561 obstrigillandi,
1085 514 1184 560 quod
1205 514 1346 562 legitur
1361 526 1422 561 ap.
1444 516 1556 553 Varr.

128 584 173 620 R.
207 585 249 621 R.
283 584 310 627 Ι,
344 585 380 630 2,
415 584 465 618 24
497 586 535 618 et
564 586 633 618 sat.
664 580 707 617 fr.
740 581 818 617 264
851 577 914 629 (R.
950 581 1037 621 157,
1070 580 1126 621 9).

45 666 232 711 putator:
277 660 317 698 L.
350 660 396 697 L.
427 658 491 707 VI,
524 660 574 695 63
618 653 714 696 'ideo
743 662 909 705 putator,
955 656 1054 704 quod
1094 656 1250 695 arbores
1289 668 1405 704 puras
1443 653 1553 700 fecit',

129 727 348 765 vocabulum
377 727 520 764 scilicet
551 727 587 762 in
609 725 737 771 lingua
757 724 981 762 rusticorum
1000 724 1192 768 usitatum,
1222 723 1323 761 velut
1343 722 1423 761 Col.
1455 728 1559 771 poet.

134 796 193 838 10,
225 794 324 839 2283
356 793 454 830 Plin.
487 791 532 828 H.
565 792 610 829 N.
645 792 707 837 27,
740 789 828 839 (45)
862 792 926 827 69.

47 874 253 920 repertor:
294 869 335 907 R.
381 869 424 906 R.
468 869 495 911 I,
528 870 563 912 2,
601 869 646 904 19
685 861 838 905 ‘Libero
869 867 981 914 patri,
1022 869 1212 914 repertori
1242 861 1339 912 vini’,
1369 868 1469 915 quod
1500 880 1562 904 vo—

129 935 301 973 cabulum
344 935 455 981 plane
486 933 667 972 abhorret
695 933 741 971 ab
773 945 841 972 usu
870 944 1009 980 prosae
1036 934 1218 972 orationis
1249 934 1425 981 optimae.
1485 935 1560 972 Ad-

132 1002 293 1039 mittitur
333 1005 456 1038 autem
488 1011 510 1038 a
540 1001 661 1047 poetis
693 1001 864 1047 Augusto
904 1000 1122 1048 aequalibus
1163 999 1256 1038 Hor.
1287 1000 1354 1038 Ov.
1384 1000 1495 1049 Verg
1528 1005 1565 1039 et

132 1079 155 1104 a
173 1066 450 1114 posterioribus
484 1067 585 1103 velut
614 1078 636 1103 a
657 1067 790 1104 Tacito
811 1066 941 1104 eadem
964 1078 1039 1114 qua
1059 1068 1182 1104 Varro
1203 1077 1288 1104 usus
1321 1072 1378 1104 est
1398 1068 1563 1106 notione.

132 1133 266 1171 Cicero
296 1136 334 1170 et
363 1134 425 1179 qui
456 1133 690 1180 elegantiore
711 1133 882 1170 oratione
912 1136 1068 1170 utuntur
1096 1144 1131 1169 v.
1151 1126 1306 1170 ‘auctor’
1337 1134 1395 1170 vel
1423 1127 1563 1170 ‘inven-

133 1194 201 1237 tor'
239 1210 308 1246 pro
337 1198 578 1237 Varroniano
607 1210 640 1235 v.
672 1193 867 1246 ‘repertor’
897 1203 1056 1247 ponunt.

51 1281 195 1314 tector:
229 1276 276 1313 R.
309 1277 352 1315 R.
376 1277 442 1321 ΙΙΙ,
477 1278 512 1323 2,
545 1279 567 1313 9
597 1272 746 1323 'villam‚
765 1287 875 1324 quam
907 1288 1025 1323 neque
1055 1278 1178 1323 pictor
1207 1287 1327 1324 neque
1358 1280 1480 1315 tector
1511 1279 1563 1314 vi-

108 1343 163 1381 dit
190 1338 372 1390 umquam'
406 1347 443 1380 et
472 1343 522 1381 id.
555 1354 615 1390 ap.
647 1343 745 1379 Vitr.
776 1343 951 1380 Frontin.
983 1343 1088 1380 Tert-

60 1405 317 1459 vestiqz‘ator:
351 1407 395 1445 L.
427 1409 470 1445 L.
505 1408 546 1454 V,
583 1410 632 1445 94
662 1403 896 1455 ‘vestigiator
925 1420 947 1446 a
977 1409 1143 1456 vestigiis
1172 1408 1350 1455 ferarum,
1389 1420 1481 1457 quas
1511 1412 1565 1447 in-

134 1470 322 1523 dagatur'‚
345 1475 442 1522 quod
466 1475 687 1513 vocabulum
707 1476 737 1512 si
758 1474 936 1512 scribitur
956 1471 971 1509 ’ἑ
991 1475 1120 1512 littera
1137 1475 1236 1512 inter
1249 1486 1276 1526 9
1294 1478 1332 1513 et
1354 1487 1381 1512 a
1410 1476 1564 1523 inserta,

138 1552 159 1578 a
175 1542 335 1589 vestigio
348 1542 575 1579 declinatum
592 1551 674 1579 esse
691 1545 869 1588 apparet3
891 1552 1117 1588 quamquam
1148 1540 1270 1578 forma
1299 1538 1517 1594 vestiyatov·
1546 1554 1568 1580 a

138 1607 253 1644 verbo
275 1608 487 1655 vestigandi
518 1608 630 1645 ducta
658 1606 758 1654 apud
778 1608 1008 1654 posteriores
1038 1607 1074 1644 in
1105 1619 1212 1645 usum
1232 1608 1353 1655 magis
1375 1610 1568 1657 magisque

139 1673 289 1710 videtur
319 1678 474 1720 recepta
505 1685 607 1719 esse,
643 1674 744 1711 velut
772 1684 833 1720 ap.
867 1672 946 1710 Col.
979 1673 1064 1710 Sen.
1095 1673 1201 1710 Serv.

168 1750 312 1788 Eodem
344 1752 453 1789 modo
485 1756 525 1789 ut
555 1746 798 1799 'vestigiator'
836 1750 884 1787 ad
919 1750 1078 1787 alteram
1108 1750 1265 1787 classem
1297 1751 1429 1788 horum
1461 1763 1568 1790 voca-

56 1816 242 1864 bulorum,
276 1827 372 1863 quae
402 1828 483 1854 cum
515 1816 562 1854 ad
591 1816 706 1854 verba
736 1815 871 1853 referri
902 1827 975 1853 non
996 1816 1153 1863 possint,
1187 1827 1210 1854 a
1241 1816 1451 1855 nominibus
1480 1819 1569 1864 ipsis

56 1881 227 1929 profecta
254 1882 430 1919 videntur
461 1893 553 1922 esse.
586 1884 778 1929 pertinent
808 1881 927 1919 haec:

58 1944 320 2001 porculator:
353 1948 398 1985 R.
428 1948 471 1985 R.
501 1949 547 1994 ΙΙ,
580 1951 616 1994 4,
653 1951 669 1984 1
703 1941 789 1984 ‘Sed
819 1948 900 1994 quis
931 1959 950 1984 e
980 1947 1284 1994 porculatoribus
1313 1948 1454 1987 Italicis
1484 1962 1571 1997 pro-

141 2015 196 2052 dit
207 2009 248 2060 ‘?’‚
275 2026 349 2062 quo
378 2016 413 2052 in
436 2015 518 2052 loco
548 2014 666 2051 verba
695 2012 1006 2061 'porculatoribus
1036 2008 1184 2051 Italicis'
1215 2025 1284 2061 pro
1306 2015 1402 2062 vulg.
1430 2013 1523 2063 ‘quis
1553 2028 1572 2053 e

141 2084 254 2127 portu
284 2085 369 2127 post
412 2076 553 2118 ltalieo'
596 2080 760 2118 restituit
795 2075 967 2116 Gessner
996 2079 1177 2117 audacter
1209 2081 1359 2126 quidem
1378 2110 1388 2127 ,
1416 2082 1481 2119 sed
1522 2086 1572 2127 ut,

143 2146 262 2184 donee
292 2148 432 2184 certius
453 2147 594 2194 aliquid
625 2146 851 2194 proferatur,
882 2146 921 2182 in
942 2156 986 2182 eo
1008 2146 1255 2192 perstandum
1275 2157 1358 2185 esse
1388 2148 1574 2186 videatur.

147 2211 248 2249 Idem
285 2213 504 2250 vocabulum
534 2217 736 2261 praeterea
765 2212 953 2249 invenitur
990 2211 1089 2258 apud
1119 2211 1198 2250 Col.
1234 2215 1250 2249 1
1298 2213 1418 2259 praef.
1449 2212 1470 2262 ξ
1502 2215 1573 2258 26ς

148 2279 180 2323 7,
215 2280 250 2324 9,
287 2281 347 2315 12.

60 2341 333 2395 *rapinatom
381 2350 450 2382 sat.
484 2344 530 2382 fr.
564 2346 612 2381 65
644 2344 706 2392 (R.
745 2345 830 2390 107,
876 2346 916 2389 5)
956 2339 1003 2381 'in
1044 2345 1222 2382 invidiam
1261 2347 1412 2383 veniant
1440 2348 1479 2383 in
1509 2346 1579 2385 hoo

142 2411 223 2456 ipso
255 2406 516 2457 rapinatores'.
564 2410 678 2448 Nonii
713 2411 800 2455 167,
836 2412 886 2447 20
917 2411 1187 2448 auctoritatem
1218 2412 1335 2448 secuti
1365 2411 1436 2449 hoc
1467 2422 1578 2451 voca-

147 2475 276 2513 bulum
306 2478 420 2514 etiam
441 2477 577 2514 Lucilii
607 2476 818 2524 fragmento
848 2476 1050 2522 vindicant,
1083 2477 1182 2523 quod
1206 2473 1423 2514 Lucianus
1449 2472 1578 2515 Muel-

147 2537 209 2577 ler
236 2543 410 2581 attribuit
447 2543 510 2580 lib.
555 2543 590 2580 Π
635 2541 681 2579 fr.
719 2545 748 2588 1,
780 2542 845 2579 sed
876 2554 911 2578 v.
951 2538 1165 2589 'rapinator'
1199 2546 1344 2580 mutato
1374 2544 1412 2580 in
1444 2536 1577 2590 ‘rapis-

142 2602 225 2657 ter',
255 2620 328 2655 qua
357 2609 404 2647 de
433 2621 473 2647 re
504 2608 551 2647 cf.
592 2609 723 2647 Muell.
754 2609 1039 2646 adnotationem
1073 2620 1107 2655 p.
1151 2610 1245 2646 199:
1286 2600 1398 2655 ‘quod
1441 2609 1582 2657 legitur

150 2673 245 2710 Non.
278 2685 314 2720 p.
348 2675 423 2711 167
453 2671 691 2725 rapinatim,
734 2673 974 2712 librariorum
1014 2685 1089 2712 non
1130 2675 1242 2713 Nonii
1272 2675 1383 2721 eulpa
1415 2677 1581 2715 evenisse

149 2740 342 2786 existimo;
376 2741 436 2788 qui
458 2744 655 2787 postquam
686 2740 723 2778 id
750 2741 850 2786 quod
876 2744 934 2777 est
954 2737 1176 2790 rapinator
1197 2741 1378 2779 Varronis
1409 2743 1581 2788 exemplo

1332 2809 1351 2832 .·„
1366 2804 1386 2825 *
