1833 3048
788 51 1076 90 —13-

158 165 347 210 Etruria
378 170 416 209 et
445 166 622 209 Latium
654 181 780 209 snum
812 181 896 210 esse
928 168 1080 220 creclil,·
1113 167 1154 212 V
1178 171 1230 207 62
1264 173 1302 211 et
1340 170 1529 213 Victoria
1560 173 1597 213 et
1635 170 1707 214 Ve-

156 251 243 280 nus
274 238 435 279 elicitur
464 234 714 291 Cadmea,-
746 236 840 280 VII
873 239 925 275 36
960 239 1021 280 ita
1042 242 1089 279 nl
1111 242 1148 280 et
1177 238 1365 282 Faunus
1387 244 1425 282 et
1446 240 1608 283 Fauna
1638 241 1705 283 sil.

276 307 320 356 b)
355 304 606 347 Subiectum
640 308 816 347 constat
849 318 902 347 ex
933 306 1175 349 nominibus
1207 308 1515 360 appellativis:
1549 309 1590 353 V
1626 313 1706 350 100

154 376 230 419 Ibi
262 381 299 419 el
330 377 484 432 sayitta
515 380 553 418 et
584 377 694 430 quod
723 377 1131 420 velzenzenz‘issimzmi
1153 378 1325 432 flumen
1357 380 1516 422 dicitur
1545 379 1709 435 Ἥρης,-

157 446 207 488 II
241 449 309 498 6,3
353 447 472 499 Quod
512 447 668 489 similes
699 452 931 501 parentum
963 452 1203 503 ymerium,
1248 449 1428 504 eliyencli
1470 454 1506 492 et
1542 464 1633 493 mas
1671 456 1708 493 et

153 517 318 572 femina
370 531 465 559 cum
506 517 712 572 cliynitate
754 522 801 559 ul
836 519 903 560 sit.
968 515 1062 570 Quo
1104 517 1197 559 loco
1250 530 1345 559 cum
1396 518 1707 572 interpungen-

155 586 254 627 dum
295 585 357 627 sit
399 588 499 638 post
537 587 719 642 eliyendl
751 610 806 615 -—
839 586 932 628 scil.
972 586 1085 629 asini
1117 599 1148 629 s.
1182 587 1336 641 onagri
1373 614 1437 641 —,
1470 601 1556 630 non
1586 591 1708 631 recte

157 655 395 698 Schneider
436 655 685 698 Jucundum
727 658 903 698 secutus
944 669 1021 709 pro
1063 659 1119 701 sit
1160 657 1336 710 scripsit
1378 660 1478 702 sint.
1542 658 1709 701 Contra

153 725 319 779 legitur
339 725 520 778 pluralis
543 726 593 767 II
614 730 710 774 10‚4
733 727 883 782 (neque
905 728 1115 771 Bastulus
1136 743 1270 783 neque
1300 729 1519 772 Turdulus
1539 731 1705 785 idonei,

158 797 273 841 Galli
304 795 643 852 mmmmm),
677 796 867 839 fortasse
895 797 1007 849 quod
1044 797 1241 850 sequitur
1271 798 1380 851 plur.
1414 800 1530 844 Galli
1555 800 1705 856 appff).

276 866 474 918 Denique
516 869 696 919 propter
736 879 776 911 v.
810 873 1021 923 uterque
1063 867 1138 909 cfr.
1179 869 1222 913 V
1256 871 1336 909 180
1381 871 1455 925 qui
1478 872 1640 925 petebat
1671 877 1708 915 el

161 939 236 992 qui
276 937 568 992 inficiabatur,
611 938 660 980 cle
700 938 801 981 aliis
841 940 964 982 rebus
1005 943 1179 993 uterque
1220 940 1455 995 quinqenos
1495 943 1608 985 aeris
1653 943 1709 986 ad

154 1012 324 1062 pontem
351 1009 621 1062 deponebant.
647 1022 700 1044 ω
724 1010 809 1049 sat.
833 1007 885 1049 fr.
911 1011 992 1048 377
1017 1010 1056 1052 si
1078 1013 1115 1051 el
1136 1014 1353 1053 accusator
1385 1015 1422 1054 et
1450 1026 1550 1054 rrens
1581 1017 1709 1056 erunt

156 1078 340 1121 tenebrio
362 1082 549 1133 uterque,
574 1076 625 1119 de
649 1089 730 1129 quo
747 1077 842 1118 loco
864 1079 1014 1119 tamen
1036 1089 1122 1119 non
1140 1079 1420 1121 consentiunt
1436 1079 1520 1123 viri
1537 1080 1705 1136 docti2).

888 1205 971 1258 ge.

274 1285 386 1329 Loci
417 1286 571 1339 quibus
603 1287 783 1330 verbum
814 1299 900 1329 non
932 1299 1027 1330 cum
1059 1288 1268 1341 subiecto,
1303 1290 1379 1332 sed
1412 1302 1506 1333 cum
1537 1291 1705 1344 praedi-

156 1356 247 1399 cati
278 1357 450 1400 nomine
482 1361 708 1412 congruat,
744 1357 984 1410 complures
1015 1358 1296 1402 inveniuntur
1328 1361 1442 1414 apud
1465 1362 1708 1405 Varronem

155 1439 293 1480 neque
337 1427 474 1470 solum
515 1428 672 1480 quibus
715 1427 983 1471 assimiletur
1023 1441 1172 1482 genus,
1217 1430 1294 1473 sed
1336 1431 1471 1473 etiam
1511 1433 1707 1475 nonnulli

156 1497 311 1549 quibus
342 1497 604 1550 numerus3);
644 1497 720 1541 cfr.
744 1499 787 1544 V
823 1502 902 1539 143
936 1500 1038 1543 Post
1069 1515 1117 1544 ea
1149 1501 1223 1555 qni
1247 1502 1379 1556 fiebat
1410 1504 1540 1558 orbis,
1581 1505 1707 1548 Urbis

278 1614 308 1658 ¹)
335 1613 438 1656 Quod
466 1614 629 1649 Schmalz
656 1615 714 1656 Sy.
742 1616 760 1658 ξς
789 1616 856 1649 lla
882 1614 936 1649 ait
961 1615 1211 1658 praedicatum
1239 1616 1332 1660 quod
1359 1617 1405 1652 ad
1438 1617 1507 1652 duo
1542 1618 1707 1655 subiecta

154 1672 294 1717 pariter
327 1672 382 1708 ita
416 1673 648 1708 referendum
674 1673 734 1716 sit,
768 1677 812 1708 ut
843 1678 1038 1717 utrumque
1074 1674 1276 1710 subiectum
1303 1675 1460 1711 alterum
1487 1676 1563 1712 sine
1589 1678 1706 1713 altero

159 1731 340 1766 actionem
366 1730 467 1766 illam
493 1732 666 1776 perficere
693 1742 734 1767 eo
761 1732 997 1777 exprimatur,
1024 1744 1045 1767 a
1070 1733 1232 1777 probatis
1259 1734 1496 1778 scriptoribus
1521 1735 1559 1770 in
1583 1736 1705 1782 singu-

154 1789 224 1825 lari
259 1800 407 1825 numero
441 1790 544 1835 poni,
577 1791 756 1835 pluralem
789 1801 860 1826 non
893 1791 1051 1827 inveniri
1083 1792 1152 1827 nisi
1186 1792 1270 1828 inde
1297 1804 1318 1827 a
1343 1792 1439 1828 Livii
1464 1794 1705 1838 temporibus:

156 1848 254 1883 haud
292 1848 399 1883 dubie
437 1849 508 1884 iam
547 1850 749 1884 Varronem
793 1850 917 1885 eadem
955 1850 1098 1885 ratione
1135 1861 1239 1885 usum
1278 1861 1358 1886 esse
1397 1852 1565 1887 ostendet
1605 1853 1705 1888 locus

156 1907 214 1941 III
233 1907 266 1950 5,
295 1909 337 1941 17
365 1907 412 1943 in.
441 1907 683 1952 (Intrinsecus
709 1908 774 1943 sub
801 1908 893 1943 tholo
920 1908 1023 1944 stella
1050 1909 1182 1954 lucifer
1206 1910 1374 1952 interdiu,
1400 1914 1506 1945 noctu
1531 1910 1707 1957 hesperus

150 1967 200 2000 ita
236 1967 459 2001 circumeunt
490 1986 533 1992 —
569 1978 612 2001 ac
645 1971 830 2001 moventur
871 1972 910 2002 uc
948 1967 1106 2002 indicent
1145 1972 1229 2014 quot
1257 1969 1330 2003 sint
1359 1968 1502 2014 leorae),
1538 1969 1707 2006 similiter

152 2028 212 2060 sat
229 2024 274 2060 fr.
290 2026 336 2059 34
355 2026 424 2070 (me
443 2024 468 2059 I
469 2026 586 2071 apiter
608 2024 807 2071 Olympiae,
826 2025 992 2061 Minerva
1009 2026 1158 2061 Athenis
1177 2053 1184 2060 .
1204 2053 1211 2060 .
1231 2028 1500 2072 vindicassent).
1536 2028 1706 2064 Ceterum

151 2083 224 2118 nisi
251 2083 372 2126 fallor,
400 2083 510 2118 etiam
536 2084 606 2118 duo
633 2083 704 2118 loci
722 2084 950 2120 Ciceroniani
975 2085 1044 2119 huc
1069 2085 1266 2129 pertinent,
1294 2086 1339 2121 ad
1363 2086 1442 2122 Att.
1472 2087 1526 2131 15,
1550 2087 1583 2131 9,
1613 2089 1628 2122 1
1655 2090 1707 2130 (ut

151 2141 295 2176 Brutus
327 2143 365 2176 in
396 2142 502 2185 Asia,
533 2142 683 2177 Cassius
714 2143 751 2177 in
784 2142 910 2177 Sicilia
938 2143 1163 2189 frumentum
1195 2144 1383 2179 emendum
1409 2171 1418 2180 .
1446 2171 1452 2180 .
1480 2173 1487 2181 .
1515 2147 1705 2191 curarent)

156 2204 194 2235 et
218 2201 325 2236 Tusc.
351 2200 370 2234 I
395 2201 460 2245 893
487 2201 552 2236 cfr.
580 2203 668 2236 Anz.
695 2212 729 2245 p.
758 2203 801 2236 17
828 2202 853 2237 O
881 2205 972 2237 extr.

275 2258 305 2303 2)
331 2258 439 2294 Nonii
466 2260 514 2304 (p.
542 2261 601 2305 19)
635 2260 735 2295 codd.
762 2260 939 2304 praebent
963 2289 970 2296 .
991 2289 997 2296 .
1018 2289 1052 2296 ..
1085 2261 1309 2297 tenebriones
1339 2266 1488 2308 uterque
1518 2267 1706 2309 utrumque

153 2317 367 2363 vituperato.
434 2318 518 2353 Luc.
553 2319 686 2354 Miiller
726 2319 866 2354 variam
907 2319 1102 2355 lectionem
1142 2331 1215 2355 non
1256 2321 1467 2367 adscripsit;
1510 2323 1704 2358 secundum

156 2376 397 2411 Biichelerum
424 2387 527 2420 quem
555 2377 737 2413 erravisse
763 2378 978 2413 crediderim
1005 2378 1133 2423 optimi
1157 2378 1242 2414 libri
1260 2380 1442 2424 scriptura
1459 2384 1517 2415 est
1534 2381 1703 2417 tenebrio.

155 2435 203 2469 Hi
220 2445 346 2470 vocem
365 2440 514 2481 uterque
538 2436 705 2472 referunt
730 2437 775 2472 ad
802 2437 1030 2472 enuntiatum
1055 2437 1313 2482 condicionale;
1339 2438 1403 2473 alii
1423 2443 1465 2473 ut
1481 2439 1703 2475 Ribbeckius

153 2494 236 2539 (Rh.
263 2494 307 2527 M.
339 2495 394 2538 14,
423 2496 505 2539 125)
532 2495 757 2540 coniungunt
781 2500 929 2541 uterque
955 2500 1143 2540 utrumque
1169 2496 1389 2541 vituperat&
1420 2507 1491 2540 qua
1516 2497 1560 2533 de
1587 2501 1702 2534 struc-

150 2556 236 2587 tura
262 2553 326 2588 cfr.
352 2553 498 2598 Drager
522 2553 541 2587 I
566 2565 599 2598 p.
627 2555 671 2589 89
699 2558 736 2589 et
761 2555 893 2599 Menge
919 2554 952 2590 J.
979 2554 1103 2589 Jahrb.
1132 2555 1222 2590 1889
1247 2566 1280 2599 p.
1307 2556 1386 2590 266.

276 2611 302 2657 3)
328 2611 469 2655 Ubique
497 2615 718 2647 structuram
745 2612 919 2657 explicari
944 2616 1099 2657 apparet
1125 2613 1362 2649 collocatione
1387 2614 1589 2651 verborum.
1632 2615 1702 2650 Ubi

155 2669 250 2704 enim
278 2670 480 2705 subiectum
516 2670 653 2706 maiore
687 2671 882 2706 intervallo
915 2682 937 2706 a
967 2671 1176 2715 praedicato
1212 2671 1344 2715 distat,
1377 2672 1527 2708 verbum
1558 2673 1701 2709 finitum

150 2738 230 2762 cum
266 2728 472 2772 praedicati
509 2729 655 2765 nomine
688 2729 836 2774 propius
867 2729 987 2774 posito
1028 2730 1207 2775 congruit.
1265 2730 1483 2767 Necessaria
1523 2736 1580 2767 est
1610 2733 1701 2768 haec

151 2790 356 2830 structura,
392 2787 453 2822 ubi
480 2788 629 2823 verbum
655 2788 796 2824 finitum
823 2789 974 2833 primam
1001 2789 1122 2824 sedem
1149 2792 1266 2832 tenet,
1302 2790 1504 2825 subiectum
1535 2790 1701 2826 ultimam

149 2845 234 2889 (VII
259 2845 306 2890 8).
