1833 3048
739 19 1029 55 —24—

106 131 443 185 praepositionis
466 143 588 173 usum
611 130 912 173 memorabiles
936 131 1172 185 diligenter
1194 132 1385 186 collegit,
1419 132 1496 174 sed
1527 132 1662 175 etiam

109 201 272 245 Sitzler
293 201 335 242 in
361 200 727 243 commentatione
750 200 802 243 de
826 213 1004 243 casuum
1026 213 1107 244 usu
1129 202 1257 246 Varr.
1284 202 1427 244 obiter
1450 202 1662 254 quaedam

111 271 280 326 tetigit,
314 283 455 323 pauca
487 274 661 313 tantum
693 283 806 313 nunc
839 271 1006 313 addam.

230 342 285 384 In
317 344 552 394 conspectu
584 341 954 394 praepositionum
987 342 1322 395 compositarum
1346 342 1547 385 Schmalz
1572 342 1662 396 (Sy.

110 415 136 464 ξ
163 414 303 462 152,2)
338 411 483 453 omisit
516 424 611 454 eam
644 425 681 463 q.
707 424 742 453 e.
778 414 1029 456 incircum
1061 413 1118 464 (V
1149 416 1199 452 25
1234 415 1273 456 A
1300 416 1438 467 putcis
1470 415 1666 469 oppidum

112 488 159 526 ut
188 483 358 526 Puteoli
400 483 509 534 quod
541 484 751 526 incircum
784 498 877 526 eum
910 484 1045 526 locum
1077 499 1210 538 aquae
1241 486 1426 540 frigidae
1457 489 1494 527 et
1526 485 1666 528 caldae

111 553 299 606 multae),
345 564 455 603 quae
493 556 724 605 praeterea
762 564 847 594 non
885 551 1072 595 inveniri
1109 553 1283 595 videtur
1321 556 1497 606 praeter
1537 566 1667 596 unum

113 623 383 677 digestorum
425 622 565 664 locum
607 634 659 664 ac
697 634 751 664 ne
790 634 886 664 eum
929 622 1099 674 quidem
1141 622 1379 677 integrum3
1425 623 1499 665 cfr.
1532 624 1668 666 Hand

113 693 237 735 Turs.
272 705 305 735 s,
339 704 379 735 v.

230 763 298 806 De
321 761 644 816 praepositione
666 765 785 808 ad—
802 778 960 818 versus,
985 776 1095 815 quae
1119 763 1243 806 deest
1267 763 1379 817 apud
1401 762 1664 818 Ciceronem,

112 833 305 879 Varroni
337 833 572 876 communis
605 837 675 877 est
709 846 801 876 cum
836 833 1047 877 Sallustio
1081 837 1126 877 et
1158 834 1273 877 Belli
1304 833 1449 876 Africi
1489 837 1667 877 auctore

112 904 210 960 (cfr.
245 903 456 947 Wolffiin.
490 903 624 947 Arch.
659 904 729 949 VI
762 905 847 958 99),
882 904 980 948 vide
1013 904 1130 947 Keil.
1158 905 1214 947 ad
1244 906 1269 947 Ι
1296 909 1388 957 12,1
1424 904 1489 960 (et
1519 905 1545 947 1
1578 905 1665 960 26).

113 975 177 1018 Ut
209 974 286 1018 ΙΙΙ
320 977 386 1021 5,9
428 974 591 1029 legitur
622 977 670 1019 in
703 990 855 1032 cyrum
894 990 1056 1029 versus,
1101 974 1164 1017 sic
1205 978 1247 1019 in
1289 991 1488 1019 cacumen
1525 990 1669 1019 versus

114 1046 156 1088 V
193 1049 291 1097 1153
337 1044 539 1087 similiter
570 1045 641 1089 VI
674 1049 696 1086 8
741 1047 795 1089 ad
835 1062 913 1090 nos
954 1061 1147 1100 ‘censuim
1188 1048 1342 1088 contra
1375 1045 1469 1090 VII
1501 1049 1551 1085 41
1597 1047 1668 1090 ad-

115 1131 264 1160 versus
296 1131 400 1160 cnm.

411 1383 464 1442 B.
502 1383 583 1443 De
626 1384 972 1444 enuntiatis
1013 1383 1379 1460 compositis.

239 1501 490 1544 Enuntiata
523 1502 763 1556 composita
796 1515 888 1545 cum
923 1506 1000 1545 aut
1024 1505 1227 1545 constent
1250 1515 1303 1544 ex
1323 1502 1524 1556 partibus
1548 1501 1674 1555 aequi

48 1620 53 1625 .
121 1571 299 1620 ordinis,
334 1575 413 1614 aut
445 1572 513 1614 ita
546 1572 635 1615 sint
659 1576 925 1626 comparata,
960 1576 1009 1615 ut
1032 1574 1177 1616 altera
1198 1586 1300 1626 pars
1323 1573 1453 1616 alteri
1476 1573 1674 1615 subiecta

119 1642 190 1694 sit,
225 1642 312 1685 iam
345 1643 401 1685 ad
433 1643 665 1686 enuntiata
696 1644 821 1687 iuxta
852 1644 998 1698 posita
1030 1644 1249 1687 accedam.

777 1913 946 1967 Caput
977 1914 1013 1956 Ι.

534 1995 607 2039 De
640 1994 914 2039 enuntiatis
949 1994 1270 2039 coordinatis.

243 2099 408 2142 Potero
427 2104 573 2143 autem
593 2101 704 2144 satis
721 2102 883 2144 habere
901 2101 953 2143 de
971 2114 1023 2143 ea
1043 2100 1382 2144 coordinationis
1394 2101 1532 2144 forma
1544 2101 1680 2145 verba

122 2169 295 2223 fecisse,
329 2170 373 2212 in
406 2184 491 2223 qua
524 2171 581 2214 ad
611 2173 746 2215 verba
769 2171 988 2226 iungenda
1011 2171 1198 2225 scriptor
1219 2171 1449 2225 particulis
1470 2184 1555 2214 non
1577 2184 1679 2214 usus

125 2243 207 2288 est,
242 2240 443 2292 quoniam
475 2241 520 2284 in
550 2241 865 2294 particularum
896 2254 977 2284 usu
1010 2241 1345 2296 diligentissime
1376 2245 1580 2285 versatus
1611 2244 1681 2284 est

123 2310 183 2352 H.
217 2310 375 2353 Reiter
407 2309 646 2367 (Quaestt.
680 2313 810 2357 Varr.
844 2310 1072 2366 gramm.').
1134 2313 1292 2355 Dicam
1322 2312 1459 2367 igitur
1488 2312 1534 2354 in

898 2443 966 2480 21.

485 2508 543 2551 de
577 2442 949 2563 asyndetigusu
980 2510 1317 2556 Varroniano.

246 2590 520 2646 Quamquam
557 2591 638 2633 hoc
675 2591 769 2634 loco
808 2591 860 2634 de
899 2591 1142 2635 enuntiatis
1179 2594 1353 2634 tantum
1394 2604 1526 2646 agere
1556 2591 1680 2635 nobis

125 2660 440 2713 proposuimus,
472 2663 634 2711 tamen,
668 2674 722 2704 ne
745 2661 904 2705 similia
935 2675 961 2704 a
993 2662 1205 2704 similibus
1237 2661 1365 2704 nimis
1398 2662 1680 2716 divellantur,

127 2730 261 2772 etiam
301 2730 354 2772 de
394 2730 540 2774 verbis
579 2731 762 2785 singulis
802 2731 894 2774 sine
934 2731 1234 2774 coniunctione
1273 2732 1524 2784 copulativa
1555 2732 1681 2774 iuxta

127 2799 286 2853 positis
318 2800 513 2844 breviter
545 2813 656 2854 quae
689 2801 872 2845 dicenda
905 2804 1007 2844 sunt
1039 2801 1316 2855 proferemus.
