1833 3048
746 107 850 162 ..⁷3

150 229 291 281 puram’
331 246 401 281 pro
441 235 539 282 vulg.
583 230 831 282 ‘purpuream’
877 235 1373 285 emendavitPontederc13
1405 241 1449 277 cf.
1486 252 1582 287 quae

154 295 378 336 Schneider
407 301 454 338 ad
484 301 520 338 h.
547 301 571 337 l.
612 301 828 339 adnotavit:
860 298 1074 352 'Vulgatum
1100 317 1359 356 purpuream
1390 318 1434 343 ex
1467 306 1581 344 Colu-

151 366 274 406 mella,
296 367 359 411 qui
380 361 575 401 mandam
595 362 732 403 lanam
752 368 867 405 imbui
885 369 999 418 iubet,
1020 372 1212 409 emendari
1232 373 1342 409 iussit
1354 372 1580 410 Pontedera.

152 430 387 469 Crescentius
426 432 538 468 etiam
577 443 621 469 ex
661 432 696 468 h.
729 434 752 469 l.
791 434 910 471 refert
948 436 1062 473 haec:
1252 438 1287 474 in
1327 450 1401 485 qua
1440 438 1584 475 addunt

149 492 289 532 lanam
313 491 490 546 pltram’.

64 558 390 612 ‘pere'mbecz'lluffi
429 564 475 600 R.
507 562 552 599 R.
585 564 651 611 ΙΙΙ,
679 567 739 610 10,
764 567 785 600 5
818 571 855 603 et
885 578 944 613 ap.
979 567 1054 604 Cic.
1078 569 1156 606 Att.
1195 572 1253 614 10,
1280 571 1340 614 18,
1367 574 1382 606 1
1417 574 1454 607 et
1477 570 1580 617 Sulp.

153 628 279 666 Sever.
310 629 441 665 chron.
474 628 522 670 ΙΙ,
550 631 610 672 17,
639 630 660 664 3
693 630 750 667 611.
771 630 897 667 Halm.
930 633 1107 671 Ceterum
1138 645 1270 671 moneo
1293 636 1515 673 Ciceronem
1544 636 1582 671 in

150 695 322 741 epistulis
347 694 547 732 verborum
568 706 644 745 per
667 697 854 743 particula
873 701 1166 745 compositorum
1194 713 1370 747 magnum
1388 712 1582 738 numerum

149 760 315 803 finxisse,
346 772 441 806 quae
471 765 671 798 enumerat
702 758 867 799 &tinum
898 765 974 809 (De
1007 776 1062 811 eo,
1104 777 1177 812 (1110
1198 766 1330 804 Cicero
1353 768 1388 803 in
1412 768 1582 813 epistulis

152 838 238 864 usus
268 830 325 863 est
355 838 529 864 sermone
560 839 596 873 p.
634 826 711 874 13).

61 903 348 943 perarescere:
381 892 426 929 R.
450 893 496 930 R.
519 893 546 938 Ι,
573 895 634 938 49,
664 896 679 929 1
714 897 751 930 et
782 906 841 941 ap.
874 895 953 933 Col.
982 899 1039 942 11,
1063 898 1098 939 3,
1122 900 1192 944 583
1226 899 1271 934 cf.
1301 898 1379 935 Col.
1412 901 1448 944 4,
1473 900 1535 944 24,
1558 898 1580 934 5

145 953 341 1004 ‘peraruit'
374 965 411 996 et
443 960 503 1005 12,
542 961 602 1005 15,
635 962 658 995 4
687 949 960 1006 ‘perarma-inf.

63 1035 334 1075 per-pascere:
367 1024 466 1071 quod
496 1025 638 1072 legitur
661 1025 701 1062 L.
724 1027 768 1064 L.
792 1027 836 1069 V,
860 1030 907 1064 95
945 1024 1068 1075 ‘pecus
1097 1029 1143 1066 ab
1174 1041 1219 1067 eo
1250 1030 1351 1075 quod
1382 1040 1583 1076 pel-pasce-

148 1084 249 1128 bant'
280 1090 442 1128 fortasse
484 1092 667 1129 suadente
698 1088 910 1143 Spengselio
952 1093 1098 1138 (Ueber
1129 1096 1188 1132 die
1219 1097 1346 1133 Kritik
1375 1097 1442 1133 der
1471 1097 1582 1133 Varr.

148 1156 321 1194 Buecher
351 1158 397 1194 de
427 1157 518 1205 ling.
550 1158 619 1194 lat.
650 1170 686 1204 p.
719 1159 768 1194 23
792 1160 867 1205 sq.)
899 1160 1173 1197 emendandum
1197 1166 1253 1198 est
1283 1162 1320 1198 in
1343 1150 1583 1207 'pascebant.',

151 1234 262 1269 quam
298 1222 458 1260 formam
489 1234 531 1259 re
549 1234 640 1260 vera
663 1225 863 1262 nonnullos
885 1225 1031 1262 codices
1055 1224 1173 1272 (velut
1188 1227 1401 1264 Gothanum
1418 1226 1584 1264 codicem

149 1289 270 1326 bonae
299 1287 431 1338 notae)
459 1288 640 1327 exhibere
674 1290 772 1327 idem
806 1291 862 1327 vir
892 1291 1024 1328 doctus
1056 1291 1165 1329 docet
1196 1305 1230 1339 p.
1265 1295 1328 1329 24.

68 1355 319 1405 *per-serere:
353 1355 399 1392 R.
430 1356 475 1393 R.
507 1356 536 1401 I,
561 1358 624 1398 41,
648 1357 669 1391 5
702 1350 908 1395 ‘resticulas
936 1368 1005 1404 per
1034 1356 1125 1395 ficos
1159 1388 1166 1394 .
1192 1388 1199 1394 .
1224 1386 1229 1391 .
1263 1353 1491 1405 perserunt'.

68 1420 379 1473 *perinunyerez
426 1418 518 1459 ‘eam
562 1422 738 1469 (pellem)
778 1424 1006 1461 intrinsecus
1050 1425 1178 1462 eadem
1223 1437 1264 1462 re
1302 1421 1582 1473 perinungunt',

152 1487 251 1534 quod
272 1487 425 1525 verbum
450 1488 739 1534 bicompositum
775 1484 975 1525 Victorius
996 1491 1165 1528 restituit
1196 1502 1241 1528 ex
1271 1491 1378 1528 libris
1409 1493 1484 1529 suis
1516 1503 1584 1538 pro

149 1554 301 1601 vulgata
329 1555 493 1591 lectione
524 1549 777 1603 ‘pe1·ungu'nt',
809 1556 907 1601 quod
930 1555 1052 1592 Varro
1084 1560 1121 1592 et
1151 1557 1279 1603 paullo
1309 1560 1399 1594 ante
1429 1557 1584 1594 adhibet

151 1623 188 1656 et
218 1619 264 1657 R.
296 1620 342 1658 R.
374 1621 421 1666 ΙΙ,
447 1622 481 1666 9,
510 1622 569 1657 14.
630 1620 807 1658 Ceterum
848 1632 931 1658 cum
962 1625 1064 1658 totus
1095 1622 1211 1667 locus,
1250 1622 1296 1659 (16
1329 1634 1401 1669 (1110
1442 1624 1581 1669 agitur,

153 1687 214 1741 vix
263 1697 375 1724 sanus
424 1688 474 1723 sit
521 1688 558 1724 in
607 1687 726 1724 libris.
779 1688 903 1724 nescio
953 1699 1000 1724 an
1045 1682 1322 1735 ‘perinungunt'
1374 1689 1486 1726 lectio
1536 1700 1581 1725 ex

185 1744 212 1760 m

151 1769 402 1825 'peramplum'
453 1776 647 1822 archetypi
697 1777 886 1822 scriptura
935 1776 989 1812 ita
1038 1779 1122 1812 orta
1162 1777 1222 1819 sit,
1277 1780 1318 1812 ut
1361 1787 1443 1813 cum
1486 1776 1579 1813 falso

151 1835 388 1887 ‘perungunt'
428 1842 647 1878 amanuensi
688 1841 902 1884 excidisset,
944 1852 966 1877 a
1005 1845 1224 1878 correctore
1271 1840 1309 1876 in
1352 1854 1466 1889 supra
1505 1854 1583 1892 per

149 1906 366 1943 adderetur.
409 1906 517 1952 Quod
540 1907 600 1943 cui
620 1910 721 1943 recte
750 1907 960 1943 coniectum
983 1917 1062 1944 esse
1082 1907 1284 1951 videbitur,
1307 1909 1337 1944 is
1359 1919 1380 1944 a
1406 1909 1577 1945 Varrone

149 1974 231 2019 ipso
263 1962 466 2020 'inungunt'
499 1974 681 2019 scriptum
713 1983 792 2009 esse
825 1972 1051 2018 opinabitur.

60 2034 372 2087 praeverbium:
405 2038 447 2074 L.
480 2038 523 2074 L.
556 2037 716 2083 V1,38;
751 2039 799 2073 82
833 2039 856 2074 i.
879 2050 911 2075 e.
942 2039 1185 2084 praepositio,
1220 2050 1316 2084 quae
1346 2052 1428 2077 cum
1457 2041 1579 2078 altero

147 2105 262 2142 verbo
303 2105 553 2152 componitur.
613 2103 694 2140 Hoc
736 2104 958 2141 vocabulum
1006 2115 1028 2140 a
1074 2105 1250 2142 Varrone
1294 2106 1374 2152 ipso
1419 2105 1579 2144 fortasse

146 2169 275 2209 fictum
305 2171 465 2208 eandem
497 2171 689 2207 notionem
723 2171 1009 2217 grammaticam
1041 2181 1133 2216 prae
1166 2182 1204 2206 se
1237 2170 1310 2208 fert
1339 2183 1398 2218 ap.
1423 2172 1519 2209 Gell.
1544 2173 1578 2217 6,

150 2240 184 2283 7,
209 2238 252 2281 53
285 2236 431 2274 Charis.
468 2238 555 2279 194,
582 2237 628 2272 15
652 2237 699 2273 Κ.
732 2236 778 2272 cf.
810 2231 964 2272 Lao-sch
995 2236 1281 2283 Sprachphilos.
1316 2238 1363 2279 II,
1392 2240 1477 2274 152.

61 2315 306 2354 pronomen:
339 2303 383 2340 L.
414 2304 459 2340 L.
491 2303 592 2347 VIII,
620 2304 670 2338 45
703 2302 740 2338 h.
763 2314 793 2339 0.
825 2313 933 2348 pron.
966 2302 1316 2348 demonstrativum,
1349 2304 1447 2348 quod
1480 2304 1578 2341 idem

144 2381 204 2416 ap.
242 2369 369 2415 Quint.
403 2369 626 2416 aliquotiens
657 2369 832 2406 occurrit.

60 2431 402 2486 provocabulum:
435 2435 587 2480 ibidem,
620 2435 644 2471 i.
667 2445 697 2471 e.
729 2445 938 2481 pronomen
970 2435 1300 2481 interrogativum.
1345 2433 1392 2472 cf.
1431 2431 1580 2472 λεὶ-5011

146 2501 430 2548 Sprachphilos.
463 2501 512 2546 II,
539 2501 627 2537 151.

61 2563 325 2616 *prolubz'do:
368 2568 490 2605 Varro
520 2578 581 2614 ap.
612 2567 711 2605 Non.
743 2578 778 2613 p.
812 2568 862 2603 64
895 2561 1061 2614 (Hv'icm.
1093 2578 1129 2612 p.
1170 2569 1256 2612 150,
1284 2567 1324 2609 7)
1355 2561 1579 2613 'prolubium

142 2637 180 2670 et
209 2632 486 2680 prolubidinem
518 2633 590 2671 dici
624 2633 672 2670 ab
695 2644 750 2677 co,
782 2632 881 2679 quod
910 2626 1059 2669 lubeat'.
1106 2631 1342 2669 Vocabulum
1363 2617 1580 2680 ‘prolubido’
