1833 3048
740 61 1030 98 ,30-

109 175 316 219 infinitivi
349 201 403 207 —
437 187 619 228 quacum
653 175 728 217 cfr.
753 174 795 216 id
819 174 930 226 quod
963 173 1215 227 saepissime
1248 173 1407 215 dicitur
1437 172 1483 214 in
1511 172 1662 227 lingua

109 246 425 300 francogallica
461 245 610 298 „venir
644 244 763 288 11011ιι
799 269 855 274 —-
887 244 1002 297 apud
1033 256 1105 286 eos
1138 256 1298 286 aureae
1330 243 1495 285 aetatis
1527 243 1660 297 scrip-

109 317 269 370 tores1)
319 317 391 369 qui
442 316 638 368 pedestri
686 327 881 358 sermone
922 314 989 356 usi
1031 313 1119 356 sint
1169 314 1392 356 rarissime
1437 312 1661 367 invenir12)

110 388 236 430 docet
283 388 457 440 Drager
501 387 551 429 II
591 400 630 439 p.
677 386 798 427 3511)
845 397 974 427 unum
1020 387 1194 426 tantum
1246 385 1384 426 locum
1436 383 1661 437 proferens

110 470 289 509 eumque
319 457 425 499 item
457 457 502 498 in
534 456 746 501 Varronis
778 455 902 498 libris
936 457 1187 497 exstantem
1219 457 1270 499 m
1299 457 1367 498 his
1405 456 1659 510 reqiom‘bas,

108 531 159 573 in
191 531 340 583 quibus
371 529 577 572 stabulari
609 528 743 571 solent
775 542 901 581 equas
933 527 1096 582 [tbiyere
1123 525 1173 567 ΙΙ
1199 529 1319 575 1Ο,11
1357 525 1458 578 (non
1491 523 1515 580 ξ
1544 529 1577 577 1,
1612 528 1661 567 ut

108 599 274 653 legitur
296 598 409 651 apud
431 599 508 640 Dr.
534 600 593 650 et,
627 596 699 649 qui
729 609 824 639 eum
853 599 1028 638 secutus
1057 598 1139 648 est,
1173 593 1427 636 Kiihnerum
1450 607 1488 647 p.
1518 597 1660 648 501a).

113 669 319 712 Ceterum
353 668 465 720 quod
496 667 602 710 Keil
641 679 689 709 eo
730 667 823 708 loco
865 678 941 719 pro
983 665 1098 708 infin.
1133 667 1338 709 stabulari
1378 664 1423 706 in
1462 665 1526 706 ed.
1560 665 1660 707 min.

112 739 290 792 scripsit
323 741 372 783 in
403 740 578 791 stabula,
622 737 728 779 mihi
764 748 1017 790 persuasum
1056 738 1124 778 est
1167 738 1432 777 structuram
1465 734 1661 787 quamvis

108 810 316 853 rariorem
340 808 530 853 Varroni
559 820 654 850 esse
682 806 1001 851 vindicandam.
1036 805 1203 849 Contra
1231 818 1285 847 ex
1317 805 1461 848 verbis
1484 818 1660 858 quorum

110 880 264 924 similis
290 882 359 922 est
381 879 513 927 notio,
548 878 684 921 etiam
707 878 822 930 apud
842 878 1084 922 Varronem
1107 877 1242 919 multo
1267 876 1440 929 saepius
1464 876 1661 929 supinum

109 951 296 1004 pendere
331 950 460 1004 (quae
493 951 562 991 est
585 948 841 1002 optimorum
874 947 1134 1000 scriptorum
1167 945 1449 1001 consuetudo)
1490 946 1660 988 demon-

110 1024 280 1065 stratur
311 1020 417 1063 locis
455 1020 541 1062 his:

227 1093 277 1134 11
310 1095 406 1144 2,10
442 1096 597 1135 exeam
621 1095 818 1145 pasta-m,
848 1089 903 1131 ib.
931 1094 1081 1144 potum
1105 1089 1374 1144 propellant,
1405 1088 1428 1140 ξ
1456 1091 1506 1128 12
1540 1102 1660 1144 affere

104 1169 279 1220 potum,
309 1163 361 1204 Π
393 1165 462 1214 4,6
490 1166 664 1217 pastam
696 1163 895 1217 0931900119,-
937 1161 959 1212 ξ
997 1164 1046 1200 19
1080 1175 1171 1204 ozon
1196 1162 1441 1215 producunt
1474 1164 1661 1214 praeter-

113 1251 239 1290 quam
267 1238 439 1289 potum,·
471 1232 538 1276 VI
572 1235 623 1272 41
659 1233 803 1288 ayz'tar
826 1246 957 1286 pecus
981 1236 1156 1286 pastmn
1187 1233 1271 1272 etc.

231 1303 442 1346 Similiter
489 1304 738 1346 adducere
784 1314 880 1343 cum
925 1300 1139 1343 infinitivo
1188 1298 1464 1353 coniungitur
1494 1299 1557 1352 II,
1594 1303 1659 1352 7,9

111 1391 242 1430 equus
271 1380 447 1418 matrem
479 1375 608 1416 salire
640 1389 735 1416 eam
766 1374 921 1416 adduci
951 1387 1042 1416 non
1069 1377 1226 1427 posset3
1262 1370 1413 1412 eadem
1436 1372 1661 1412 structura

109 1458 213 1488 usus
237 1447 306 1487 est
318 1443 532 1487 Afranius
551 1443 694 1498 (frgni.
713 1446 793 1483 290
818 1445 1004 1487 adducor
1023 1445 1137 1498 ferre
1157 1444 1349 1486 humana
1369 1443 1662 1493 lnmzam‘bzoeQ

111 1516 218 1558 item
257 1514 434 1558 Hirtius
466 1515 518 1556 B.
555 1513 608 1557 Gr.
643 1514 777 1561 VIII,
816 1517 923 1561 19,8.
974 1513 1060 1556 Sed
1102 1513 1296 1555 omnibus
1333 1511 1400 1555 his
1443 1511 1551 1554 10013
1588 1510 1662 1553 ad—

113 1586 297 1630 ducendi
328 1586 507 1629 verbum
539 1584 714 1637 passive
746 1583 935 1636 positum
967 1586 1048 1626 est.

227 1667 356 1710 Addo
386 1669 695 1712 concedendi
716 1667 895 1710 Verbum
922 1667 947 1708 Ι
974 1670 1067 1718 17,5
1091 1681 1225 1720 neque
1247 1667 1334 1708 alis
1357 1665 1663 1709 coozeedewamn

109 1743 174 1784 ita
217 1742 427 1795 imperare
468 1744 515 1781 at
548 1737 758 1789 ...quod
803 1736 1024 1779 rarissime
1067 1748 1162 1778 cum
1203 1735 1418 1778 infinitivo
1462 1733 1663 1787 coniungi

111 1810 225 1864 apud
258 1809 512 1852 Ciceronem
545 1807 671 1849 docet
703 1807 889 1850 Kiihner
919 1820 959 1860 p.
996 1810 1136 1859 809,3.

227 1894 419 1936 Facere
436 1903 471 1933 0.
494 1890 585 1939 inf„
611 1890 730 1932 cuius
749 1892 1000 1932 structurae
1023 1888 1232 1943 originem
1250 1887 1442 1940 explicat
1460 1886 1662 1929 Schmalz

112 1963 184 2016 Sy.
220 1962 244 2018 ξ
279 1966 375 2013 224,
419 1961 583 2014 legitur
626 1961 739 2013 apud
772 1961 1015 2005 Varronem
1057 1959 1133 2001 III
1174 1962 1240 2011 5,3
1284 1974 1431 2002 earam
1473 1962 1662 2012 aspectus

111 2050 159 2078 ac
190 2035 446 2078 desiderium
476 2047 727 2076 marcescere
758 2034 864 2088 facit
888 2028 1128 2084 2·0l21cre33).
1163 2029 1293 2071 Hunc
1322 2027 1445 2071 verbi
1471 2027 1662 2070 faciendi

110 2116 234 2146 usum
276 2102 391 2155 apud
431 2102 639 2154 optimum
681 2113 889 2153 quemque
932 2104 1155 2143 auctorem
1202 2099 1293 2141 fere
1341 2099 1471 2150 plane
1509 2098 1661 2140 deesse

112 2174 239 2216 docet
260 2173 446 2216 Kiihner
473 2186 512 2225 p.
540 2176 674 2224 511ος
708 2176 857 2214 tamen
888 2171 933 2213 in
965 2170 1184 2213 cotidiano
1218 2181 1412 2211 sermone
1444 2168 1660 2210 inferioris

110 2243 381 2297 potissimum
414 2242 579 2285 aetatis
622 2255 706 2284 non
748 2242 814 2284 ita
854 2241 1055 2296 angustis
1087 2240 1299 2282 limitibus
1343 2251 1439 2281 eum
1483 2238 1660 2280 circum-

112 2314 320 2366 scriptum
367 2312 502 2355 fuisse
544 2312 660 2354 haud
705 2311 794 2354 scio
837 2324 893 2354 an
933 2312 1004 2354 vel
1045 2311 1144 2353 inde
1189 2313 1416 2363 appareat,
1464 2308 1575 2360 quod
1615 2307 1660 2349 in

238 2512 266 2556 ¹)
293 2511 408 2546 Locos
435 2510 560 2545 Plauti
587 2513 624 2544 et
650 2509 813 2544 Terentii
838 2508 921 2543 vide
947 2508 1041 2552 apud
1067 2508 1216 2543 Lorenz.
1244 2506 1290 2541 ad
1314 2506 1436 2541 Plaut.
1469 2505 1576 2540 Most.
1603 2507 1659 2540 67.

233 2570 262 2615 2)
289 2569 368 2604 Non
394 2573 494 2604 recte
522 2568 686 2604 Schmalz
713 2569 731 2611 ξ
758 2569 843 2603 218;
872 2567 935 2611 „In
961 2567 1076 2602 Prosa
1107 2565 1207 2600 lesen
1232 2564 1299 2600 wir
1330 2564 1392 2598 ihn
1418 2584 1462 2590 —
1488 2564 1563 2599 scil.
1592 2564 1660 2599 den

113 2628 246 2663 finalen
272 2628 437 2663 Infinitiv
455 2648 498 2654 ——
517 2638 585 2662 nur
609 2626 668 2662 bei
686 2626 770 2661 Piso
797 2626 949 2671 (venisse
975 2624 1115 2669 visere),
1143 2624 1238 2658 dann
1265 2626 1342 2659 erst
1366 2623 1403 2657 in
1428 2623 1498 2658 den
1522 2622 1660 2658 Fabeln

111 2687 290 2731 Hygins.“

233 2746 260 2790 3)
286 2745 461 2780 Similiter
486 2744 636 2780 verbum
663 2744 891 2779 causativum
917 2740 1227 2778 circumscribitur
1249 2740 1289 2774 II
1307 2742 1338 2783 5,
1366 2740 1408 2774 15
1428 2742 1519 2774 extr.
1539 2738 1660 2784 (alym

113 2804 205 2838 enim
231 2814 294 2838 eas
320 2806 354 2837 et
373 2804 495 2848 fames
519 2813 745 2838 marcescere
772 2803 908 2847 coqz't)
935 2804 972 2836 et
997 2801 1035 2835 Π
1059 2801 1092 2843 2,
1119 2801 1139 2833 7
1171 2800 1258 2839 (non
1290 2798 1383 2832 enim
1415 2797 1529 2832 solum
1562 2796 1659 2842 ulz'qo

113 2862 235 2897 lanam
261 2862 461 2906 corrumpit
485 2862 613 2902 ovium,
641 2860 708 2895 sed
731 2861 835 2895 etiam
862 2859 1029 2904 muffulas,
1056 2869 1099 2892 ac
1124 2857 1275 2892 scabras
1297 2857 1383 2901 fieri
1406 2856 1504 2900 coqz‘
1512 2857 1547 2901 t).
