<?xml version="1.0" encoding="UTF-8"?>
<!DOCTYPE html PUBLIC "-//W3C//DTD XHTML 1.0 Transitional//EN"
    "http://www.w3.org/TR/xhtml1/DTD/xhtml1-transitional.dtd">
<html xmlns="http://www.w3.org/1999/xhtml" xml:lang="en" lang="en">
 <head>
  <title>
</title>
<meta http-equiv="Content-Type" content="text/html;charset=utf-8" />
  <meta name='ocr-system' content='tesseract 3.04.00' />
  <meta name='ocr-capabilities' content='ocr_page ocr_carea ocr_par ocr_line ocrx_word'/>
</head>
<body>
  <div class='ocr_page' id='page_1' title='image "./syntaxislucretia00holtuoft_0404.png"; bbox 0 0 1833 3048; ppageno 0'>
   <div class='ocr_carea' id='block_1_1' title="bbox 767 63 1060 99">
    <p class='ocr_par' dir='ltr' id='par_1_1' title="bbox 767 63 1060 99">
     <span class='ocr_line' id='line_1_1' title="bbox 767 63 1060 99; baseline 0.003 -10"><span class='ocrx_word' id='word_1_1' title='bbox 767 63 1060 99; x_wconf 41' lang='lat'>*56—</span> 
     </span>
    </p>
   </div>
   <div class='ocr_carea' id='block_1_2' title="bbox 139 175 1694 1224">
    <p class='ocr_par' dir='ltr' id='par_1_2' title="bbox 139 175 1693 856">
     <span class='ocr_line' id='line_1_2' title="bbox 140 175 1689 230; baseline 0 -11"><span class='ocrx_word' id='word_1_2' title='bbox 140 180 210 219; x_wconf 87' lang='lat' dir='ltr'>est</span> <span class='ocrx_word' id='word_1_3' title='bbox 246 178 398 230; x_wconf 83' lang='lat' dir='ltr'>putare</span> <span class='ocrx_word' id='word_1_4' title='bbox 440 175 533 227; x_wconf 81' lang='lat' dir='ltr'>(cfr.</span> <span class='ocrx_word' id='word_1_5' title='bbox 569 175 768 218; x_wconf 83' lang='lat' dir='ltr'>Schmalz</span> <span class='ocrx_word' id='word_1_6' title='bbox 803 176 950 228; x_wconf 68' lang='lat'>§272)</span> <span class='ocrx_word' id='word_1_7' title='bbox 991 175 1311 219; x_wconf 85' lang='lat' dir='ltr'>coniunctivum</span> <span class='ocrx_word' id='word_1_8' title='bbox 1354 176 1410 218; x_wconf 84' lang='lat' dir='ltr'>ad</span> <span class='ocrx_word' id='word_1_9' title='bbox 1450 177 1689 229; x_wconf 85' lang='lat' dir='ltr'>exemplum</span> 
     </span>
     <span class='ocr_line' id='line_1_3' title="bbox 140 246 1691 300; baseline 0.001 -11"><span class='ocrx_word' id='word_1_10' title='bbox 140 247 330 300; x_wconf 86' lang='lat' dir='ltr'>optativi</span> <span class='ocrx_word' id='word_1_11' title='bbox 371 246 534 290; x_wconf 82' lang='lat' dir='ltr'>Graeci</span> <span class='ocrx_word' id='word_1_12' title='bbox 570 247 758 299; x_wconf 87' lang='lat' dir='ltr'>positum</span> <span class='ocrx_word' id='word_1_13' title='bbox 797 258 893 289; x_wconf 86' lang='lat' dir='ltr'>esse</span> <span class='ocrx_word' id='word_1_14' title='bbox 931 258 1012 299; x_wconf 88' lang='lat' dir='ltr'>quo</span> <span class='ocrx_word' id='word_1_15' title='bbox 1050 259 1120 289; x_wconf 90' lang='lat' dir='ltr'>res</span> <span class='ocrx_word' id='word_1_16' title='bbox 1155 247 1328 300; x_wconf 88' lang='lat' dir='ltr'>saepius</span> <span class='ocrx_word' id='word_1_17' title='bbox 1360 247 1567 300; x_wconf 84' lang='lat' dir='ltr'>repetita,</span> <span class='ocrx_word' id='word_1_18' title='bbox 1606 260 1691 290; x_wconf 91' lang='lat' dir='ltr'>non</span> 
     </span>
     <span class='ocr_line' id='line_1_4' title="bbox 139 316 1689 371; baseline 0 -11"><span class='ocrx_word' id='word_1_19' title='bbox 139 318 273 361; x_wconf 83' lang='lat' dir='ltr'>semel</span> <span class='ocrx_word' id='word_1_20' title='bbox 304 320 479 359; x_wconf 85' lang='lat' dir='ltr'>tantum</span> <span class='ocrx_word' id='word_1_21' title='bbox 503 316 626 359; x_wconf 83' lang='lat' dir='ltr'>facta</span> <span class='ocrx_word' id='word_1_22' title='bbox 650 316 985 371; x_wconf 82' lang='lat' dir='ltr'>significaretur,</span> <span class='ocrx_word' id='word_1_23' title='bbox 1019 317 1096 359; x_wconf 90' lang='lat' dir='ltr'>sed</span> <span class='ocrx_word' id='word_1_24' title='bbox 1119 316 1306 359; x_wconf 78' lang='lat' dir='ltr'>sufficiet</span> <span class='ocrx_word' id='word_1_25' title='bbox 1329 321 1527 360; x_wconf 76' lang='lat' dir='ltr'>statuere</span> <span class='ocrx_word' id='word_1_26' title='bbox 1560 330 1689 360; x_wconf 91' lang='lat' dir='ltr'>enun-</span> 
     </span>
     <span class='ocr_line' id='line_1_5' title="bbox 139 387 1692 440; baseline 0 -10"><span class='ocrx_word' id='word_1_27' title='bbox 139 387 253 430; x_wconf 79' lang='lat' dir='ltr'>tiato</span> <span class='ocrx_word' id='word_1_28' title='bbox 287 387 542 430; x_wconf 84' lang='lat' dir='ltr'>secundario</span> <span class='ocrx_word' id='word_1_29' title='bbox 583 399 669 429; x_wconf 92' lang='lat' dir='ltr'>non</span> <span class='ocrx_word' id='word_1_30' title='bbox 703 387 960 440; x_wconf 84' lang='lat' dir='ltr'>simpliciter</span> <span class='ocrx_word' id='word_1_31' title='bbox 994 390 1163 439; x_wconf 87' lang='lat' dir='ltr'>tempus</span> <span class='ocrx_word' id='word_1_32' title='bbox 1193 387 1368 439; x_wconf 81' lang='lat' dir='ltr'>aliquod</span> <span class='ocrx_word' id='word_1_33' title='bbox 1401 387 1580 440; x_wconf 84' lang='lat' dir='ltr'>definiri,</span> <span class='ocrx_word' id='word_1_34' title='bbox 1615 389 1692 431; x_wconf 86' lang='lat' dir='ltr'>sed</span> 
     </span>
     <span class='ocr_line' id='line_1_6' title="bbox 139 457 1691 511; baseline -0.001 -10"><span class='ocrx_word' id='word_1_35' title='bbox 139 458 255 501; x_wconf 87' lang='lat' dir='ltr'>inter</span> <span class='ocrx_word' id='word_1_36' title='bbox 287 459 368 501; x_wconf 90' lang='lat' dir='ltr'>hoc</span> <span class='ocrx_word' id='word_1_37' title='bbox 401 457 677 501; x_wconf 83' lang='lat' dir='ltr'>enuntiatum</span> <span class='ocrx_word' id='word_1_38' title='bbox 719 461 764 500; x_wconf 87' lang='lat' dir='ltr'>et</span> <span class='ocrx_word' id='word_1_39' title='bbox 803 457 1077 500; x_wconf 81' lang='lat' dir='ltr'>enuntiatum</span> <span class='ocrx_word' id='word_1_40' title='bbox 1115 458 1368 511; x_wconf 80' lang='lat' dir='ltr'>primarium</span> <span class='ocrx_word' id='word_1_41' title='bbox 1407 458 1591 500; x_wconf 80' lang='lat' dir='ltr'>similem</span> <span class='ocrx_word' id='word_1_42' title='bbox 1622 471 1691 500; x_wconf 85' lang='lat' dir='ltr'>ra—</span> 
     </span>
     <span class='ocr_line' id='line_1_7' title="bbox 139 528 1692 583; baseline -0.001 -11"><span class='ocrx_word' id='word_1_43' title='bbox 139 529 302 572; x_wconf 88' lang='lat' dir='ltr'>tionem</span> <span class='ocrx_word' id='word_1_44' title='bbox 326 529 600 572; x_wconf 80' lang='lat' dir='ltr'>intercedere</span> <span class='ocrx_word' id='word_1_45' title='bbox 623 533 756 581; x_wconf 83' lang='lat' dir='ltr'>atque</span> <span class='ocrx_word' id='word_1_46' title='bbox 779 542 812 572; x_wconf 90' lang='lat' dir='ltr'>e.</span> <span class='ocrx_word' id='word_1_47' title='bbox 837 542 875 583; x_wconf 85' lang='lat' dir='ltr'>g.</span> <span class='ocrx_word' id='word_1_48' title='bbox 898 529 974 571; x_wconf 86' lang='grc' dir='ltr'>ΙΠ</span> <span class='ocrx_word' id='word_1_49' title='bbox 1002 533 1095 577; x_wconf 80' lang='grc'><strong>16,6</strong></span> <span class='ocrx_word' id='word_1_50' title='bbox 1129 528 1245 571; x_wconf 89' lang='lat' dir='ltr'>inter</span> <span class='ocrx_word' id='word_1_51' title='bbox 1266 529 1383 582; x_wconf 84' lang='lat' dir='ltr'>prius</span> <span class='ocrx_word' id='word_1_52' title='bbox 1417 529 1692 571; x_wconf 88' lang='lat' dir='ltr'>enuntiatum</span> 
     </span>
     <span class='ocr_line' id='line_1_8' title="bbox 139 599 1689 654; baseline -0.003 -11"><span class='ocrx_word' id='word_1_53' title='bbox 139 600 372 643; x_wconf 85' lang='lat' dir='ltr'>relativum</span> <span class='ocrx_word' id='word_1_54' title='bbox 406 603 452 642; x_wconf 89' lang='lat' dir='ltr'>et</span> <span class='ocrx_word' id='word_1_55' title='bbox 485 600 761 643; x_wconf 85' lang='lat' dir='ltr'>enuntiatum</span> <span class='ocrx_word' id='word_1_56' title='bbox 794 599 1027 653; x_wconf 86' lang='lat' dir='ltr'>superioris</span> <span class='ocrx_word' id='word_1_57' title='bbox 1061 599 1222 642; x_wconf 81' lang='lat' dir='ltr'>ordinis</span> <span class='ocrx_word' id='word_1_58' title='bbox 1257 600 1352 654; x_wconf 84' lang='lat' dir='ltr'>(cfr.</span> <span class='ocrx_word' id='word_1_59' title='bbox 1377 612 1507 653; x_wconf 87' lang='lat' dir='ltr'>supra</span> <span class='ocrx_word' id='word_1_60' title='bbox 1539 614 1578 653; x_wconf 89' lang='lat' dir='ltr'>p.</span> <span class='ocrx_word' id='word_1_61' title='bbox 1604 601 1689 652; x_wconf 82' lang='lat'>49).</span> 
     </span>
     <span class='ocr_line' id='line_1_9' title="bbox 139 671 1693 729; baseline -0.002 -12"><span class='ocrx_word' id='word_1_62' title='bbox 139 672 255 714; x_wconf 73' lang='lat' dir='ltr'>Item</span> <span class='ocrx_word' id='word_1_63' title='bbox 287 671 356 717; x_wconf 84' lang='lat' dir='ltr'>VI</span> <span class='ocrx_word' id='word_1_64' title='bbox 389 675 438 712; x_wconf 81' lang='grc'>21</span> <span class='ocrx_word' id='word_1_65' title='bbox 476 674 584 725; x_wconf 72' lang='lat' dir='ltr'>quod</span> <span class='ocrx_word' id='word_1_66' title='bbox 615 674 754 728; x_wconf 77' lang='lat' dir='ltr'>facere</span> <span class='ocrx_word' id='word_1_67' title='bbox 785 673 918 729; x_wconf 76' lang='lat' dir='ltr'>solent</span> <span class='ocrx_word' id='word_1_68' title='bbox 956 673 1081 715; x_wconf 74' lang='lat' dir='ltr'>etiam</span> <span class='ocrx_word' id='word_1_69' title='bbox 1118 686 1238 715; x_wconf 73' lang='lat' dir='ltr'>mmo</span> <span class='ocrx_word' id='word_1_70' title='bbox 1268 673 1392 715; x_wconf 73' lang='lat' dir='ltr'>multi</span> <span class='ocrx_word' id='word_1_71' title='bbox 1423 687 1517 715; x_wconf 74' lang='lat' dir='ltr'>cnm</span> <span class='ocrx_word' id='word_1_72' title='bbox 1549 673 1693 715; x_wconf 73' lang='lat' dir='ltr'>diccmt</span> 
     </span>
     <span class='ocr_line' id='line_1_10' title="bbox 140 741 1693 795; baseline 0 -11"><span class='ocrx_word' id='word_1_73' title='bbox 140 745 224 785; x_wconf 86' lang='lat' dir='ltr'>etc.</span> <span class='ocrx_word' id='word_1_74' title='bbox 257 742 412 785; x_wconf 83' lang='lat' dir='ltr'>vocula</span> <span class='ocrx_word' id='word_1_75' title='bbox 445 759 551 787; x_wconf 71' lang='lat' dir='ltr'>cum</span> <span class='ocrx_word' id='word_1_76' title='bbox 589 755 675 785; x_wconf 94' lang='lat' dir='ltr'>non</span> <span class='ocrx_word' id='word_1_77' title='bbox 715 742 770 784; x_wconf 91' lang='lat' dir='ltr'>ad</span> <span class='ocrx_word' id='word_1_78' title='bbox 809 746 979 795; x_wconf 86' lang='lat' dir='ltr'>tempus</span> <span class='ocrx_word' id='word_1_79' title='bbox 1018 741 1153 784; x_wconf 85' lang='lat' dir='ltr'>solum</span> <span class='ocrx_word' id='word_1_80' title='bbox 1193 744 1369 795; x_wconf 84' lang='lat' dir='ltr'>spectat</span> <span class='ocrx_word' id='word_1_81' title='bbox 1408 741 1485 784; x_wconf 90' lang='lat' dir='ltr'>sed</span> <span class='ocrx_word' id='word_1_82' title='bbox 1517 754 1693 784; x_wconf 83' lang='lat' dir='ltr'>causam</span> 
     </span>
     <span class='ocr_line' id='line_1_11' title="bbox 140 813 475 856; baseline -0.003 0"><span class='ocrx_word' id='word_1_83' title='bbox 140 813 264 856; x_wconf 88' lang='lat' dir='ltr'>simul</span> <span class='ocrx_word' id='word_1_84' title='bbox 295 813 475 856; x_wconf 84' lang='lat' dir='ltr'>indicat.</span> 
     </span>
    </p>

    <p class='ocr_par' dir='ltr' id='par_1_3' title="bbox 139 884 1694 1224">
     <span class='ocr_line' id='line_1_12' title="bbox 255 884 1574 940; baseline 0 -13"><span class='ocrx_word' id='word_1_85' title='bbox 255 885 422 927; x_wconf 81' lang='lat' dir='ltr'>Restat</span> <span class='ocrx_word' id='word_1_86' title='bbox 469 897 578 927; x_wconf 90' lang='lat' dir='ltr'>unus</span> <span class='ocrx_word' id='word_1_87' title='bbox 625 884 744 926; x_wconf 89' lang='lat' dir='ltr'>locus</span> <span class='ocrx_word' id='word_1_88' title='bbox 787 884 863 926; x_wconf 86' lang='grc' dir='ltr'>ΠΙ</span> <span class='ocrx_word' id='word_1_89' title='bbox 909 887 1002 937; x_wconf 84' lang='grc'><strong>16,9</strong></span> <span class='ocrx_word' id='word_1_90' title='bbox 1048 890 1138 928; x_wconf 66' lang='lat' dir='ltr'>tum</span> <span class='ocrx_word' id='word_1_91' title='bbox 1184 886 1225 928; x_wconf 70' lang='lat' dir='ltr'>id</span> <span class='ocrx_word' id='word_1_92' title='bbox 1265 886 1436 940; x_wconf 74' lang='lat' dir='ltr'>faciunt</span> <span class='ocrx_word' id='word_1_93' title='bbox 1478 899 1574 928; x_wconf 75' lang='lat' dir='ltr'>cum</span> 
     </span>
     <span class='ocr_line' id='line_1_13' title="bbox 139 953 1692 1000; baseline -0.003 0"><span class='ocrx_word' id='word_1_94' title='bbox 139 958 319 1000; x_wconf 73' lang='lat' dir='ltr'>habeant</span> <span class='ocrx_word' id='word_1_95' title='bbox 349 955 422 997; x_wconf 90' lang='lat' dir='ltr'>ubi</span> <span class='ocrx_word' id='word_1_96' title='bbox 453 955 559 998; x_wconf 87' lang='lat' dir='ltr'>Keil</span> <span class='ocrx_word' id='word_1_97' title='bbox 595 954 905 998; x_wconf 82' lang='lat' dir='ltr'>Schneiderum</span> <span class='ocrx_word' id='word_1_98' title='bbox 939 958 1114 997; x_wconf 85' lang='lat' dir='ltr'>secutus</span> <span class='ocrx_word' id='word_1_99' title='bbox 1154 954 1440 997; x_wconf 86' lang='lat' dir='ltr'>indicativum</span> <span class='ocrx_word' id='word_1_100' title='bbox 1477 953 1692 997; x_wconf 85' lang='lat' dir='ltr'>restituit.</span> 
     </span>
     <span class='ocr_line' id='line_1_14' title="bbox 141 1025 1694 1079; baseline -0.001 -10"><span class='ocrx_word' id='word_1_101' title='bbox 141 1026 294 1079; x_wconf 80' lang='lat' dir='ltr'>Atque</span> <span class='ocrx_word' id='word_1_102' title='bbox 328 1039 421 1069; x_wconf 88' lang='lat' dir='ltr'>cum</span> <span class='ocrx_word' id='word_1_103' title='bbox 457 1026 757 1069; x_wconf 83' lang='lat' dir='ltr'>coniunctivus</span> <span class='ocrx_word' id='word_1_104' title='bbox 792 1025 1002 1079; x_wconf 79' lang='lat' dir='ltr'>explicari</span> <span class='ocrx_word' id='word_1_105' title='bbox 1034 1038 1119 1068; x_wconf 91' lang='lat' dir='ltr'>non</span> <span class='ocrx_word' id='word_1_106' title='bbox 1151 1038 1278 1078; x_wconf 88' lang='lat' dir='ltr'>posse</span> <span class='ocrx_word' id='word_1_107' title='bbox 1300 1025 1505 1069; x_wconf 84' lang='lat' dir='ltr'>videatur</span> <span class='ocrx_word' id='word_1_108' title='bbox 1525 1025 1610 1068; x_wconf 91' lang='lat' dir='ltr'>nisi</span> <span class='ocrx_word' id='word_1_109' title='bbox 1642 1037 1694 1067; x_wconf 91' lang='lat' dir='ltr'>ea</span> 
     </span>
     <span class='ocr_line' id='line_1_15' title="bbox 141 1095 1692 1151; baseline -0.002 -11"><span class='ocrx_word' id='word_1_110' title='bbox 141 1098 313 1140; x_wconf 87' lang='lat' dir='ltr'>ratione</span> <span class='ocrx_word' id='word_1_111' title='bbox 347 1111 475 1150; x_wconf 84' lang='lat' dir='ltr'>quam</span> <span class='ocrx_word' id='word_1_112' title='bbox 497 1110 523 1140; x_wconf 86' lang='lat' dir='ltr'>a</span> <span class='ocrx_word' id='word_1_113' title='bbox 546 1098 746 1142; x_wconf 86' lang='lat' dir='ltr'>Varrone</span> <span class='ocrx_word' id='word_1_114' title='bbox 779 1096 968 1139; x_wconf 85' lang='lat' dir='ltr'>alienam</span> <span class='ocrx_word' id='word_1_115' title='bbox 1001 1109 1097 1140; x_wconf 88' lang='lat' dir='ltr'>esse</span> <span class='ocrx_word' id='word_1_116' title='bbox 1134 1097 1256 1139; x_wconf 90' lang='lat' dir='ltr'>modo</span> <span class='ocrx_word' id='word_1_117' title='bbox 1290 1096 1531 1139; x_wconf 89' lang='lat' dir='ltr'>censuimus</span> <span class='ocrx_word' id='word_1_118' title='bbox 1565 1095 1692 1151; x_wconf 87' lang='lat' dir='ltr'>(coni.</span> 
     </span>
     <span class='ocr_line' id='line_1_16' title="bbox 141 1167 1693 1224; baseline -0.003 -13"><span class='ocrx_word' id='word_1_119' title='bbox 141 1169 292 1212; x_wconf 84' lang='lat' dir='ltr'>iterat.</span> <span class='ocrx_word' id='word_1_120' title='bbox 314 1190 368 1204; x_wconf 86' lang='lat'>==</span> <span class='ocrx_word' id='word_1_121' title='bbox 388 1173 475 1223; x_wconf 84' lang='lat' dir='ltr'>opt.</span> <span class='ocrx_word' id='word_1_122' title='bbox 509 1169 685 1224; x_wconf 82' lang='lat' dir='ltr'>graec.)‚</span> <span class='ocrx_word' id='word_1_123' title='bbox 719 1167 793 1212; x_wconf 81' lang='lat' dir='ltr'>vix</span> <span class='ocrx_word' id='word_1_124' title='bbox 825 1168 880 1210; x_wconf 89' lang='lat' dir='ltr'>ab</span> <span class='ocrx_word' id='word_1_125' title='bbox 913 1168 997 1210; x_wconf 87' lang='lat' dir='ltr'>hac</span> <span class='ocrx_word' id='word_1_126' title='bbox 1031 1168 1333 1211; x_wconf 85' lang='lat' dir='ltr'>emendatione</span> <span class='ocrx_word' id='word_1_127' title='bbox 1366 1168 1589 1210; x_wconf 86' lang='lat' dir='ltr'>abstinere</span> <span class='ocrx_word' id='word_1_128' title='bbox 1621 1180 1693 1219; x_wconf 80' lang='lat' dir='ltr'>po-</span> 
     </span>
    </p>
   </div>
   <div class='ocr_carea' id='block_1_3' title="bbox 141 1239 978 1350">
    <p class='ocr_par' dir='ltr' id='par_1_4' title="bbox 141 1239 978 1350">
     <span class='ocr_line' id='line_1_17' title="bbox 141 1239 334 1282; baseline 0 0"><span class='ocrx_word' id='word_1_129' title='bbox 141 1239 334 1282; x_wconf 85' lang='lat' dir='ltr'>terimus.</span> 
     </span>
     <span class='ocr_line' id='line_1_18' title="bbox 854 1299 978 1350; baseline 0.008 -12"><span class='ocrx_word' id='word_1_130' title='bbox 854 1299 877 1350; x_wconf 61' lang='lat' dir='ltr'>g</span> <span class='ocrx_word' id='word_1_131' title='bbox 913 1301 978 1339; x_wconf 81' lang='lat'>37.</span> 
     </span>
    </p>
   </div>
   <div class='ocr_carea' id='block_1_4' title="bbox 143 1368 1694 1506">
    <p class='ocr_par' dir='ltr' id='par_1_5' title="bbox 143 1368 1694 1506">
     <span class='ocr_line' id='line_1_19' title="bbox 664 1368 1177 1421; baseline 0.006 -11"><span class='ocrx_word' id='word_1_132' title='bbox 664 1368 909 1411; x_wconf 83' lang='lat' dir='ltr'>Formula</span> <span class='ocrx_word' id='word_1_133' title='bbox 940 1374 1060 1413; x_wconf 75' lang='lat' dir='ltr'>sunt</span> <span class='ocrx_word' id='word_1_134' title='bbox 1091 1370 1177 1421; x_wconf 58' lang='lat' dir='ltr'>qui</span> 
     </span>
     <span class='ocr_line' id='line_1_20' title="bbox 143 1449 1694 1506; baseline -0.002 -12"><span class='ocrx_word' id='word_1_135' title='bbox 143 1452 213 1506; x_wconf 90' lang='lat' dir='ltr'>(de</span> <span class='ocrx_word' id='word_1_136' title='bbox 247 1452 366 1494; x_wconf 89' lang='lat' dir='ltr'>cuius</span> <span class='ocrx_word' id='word_1_137' title='bbox 398 1463 479 1494; x_wconf 86' lang='lat' dir='ltr'>usu</span> <span class='ocrx_word' id='word_1_138' title='bbox 511 1450 795 1494; x_wconf 84' lang='lat' dir='ltr'>Ciceroniano</span> <span class='ocrx_word' id='word_1_139' title='bbox 830 1451 905 1493; x_wconf 87' lang='lat' dir='ltr'>cfr.</span> <span class='ocrx_word' id='word_1_140' title='bbox 941 1451 1199 1493; x_wconf 84' lang='lat' dir='ltr'>Thiehnann</span> <span class='ocrx_word' id='word_1_141' title='bbox 1220 1463 1260 1503; x_wconf 86' lang='lat' dir='ltr'>p.</span> <span class='ocrx_word' id='word_1_142' title='bbox 1292 1453 1395 1503; x_wconf 68' lang='lat'>4333</span> <span class='ocrx_word' id='word_1_143' title='bbox 1429 1450 1527 1493; x_wconf 89' lang='lat' dir='ltr'>vide</span> <span class='ocrx_word' id='word_1_144' title='bbox 1560 1449 1694 1492; x_wconf 83' lang='lat' dir='ltr'>etiam</span> 
     </span>
    </p>
   </div>
   <div class='ocr_carea' id='block_1_5' title="bbox 142 1520 1694 1646">
    <p class='ocr_par' dir='ltr' id='par_1_6' title="bbox 142 1520 1694 1646">
     <span class='ocr_line' id='line_1_21' title="bbox 142 1520 1694 1576; baseline -0.003 -10"><span class='ocrx_word' id='word_1_145' title='bbox 142 1522 355 1566; x_wconf 85' lang='lat' dir='ltr'>Schmalz.</span> <span class='ocrx_word' id='word_1_146' title='bbox 390 1524 414 1574; x_wconf 68' lang='grc' dir='ltr'>ξ</span> <span class='ocrx_word' id='word_1_147' title='bbox 449 1524 551 1572; x_wconf 77' lang='lat'>242)</span> <span class='ocrx_word' id='word_1_148' title='bbox 585 1523 699 1576; x_wconf 86' lang='lat' dir='ltr'>apud</span> <span class='ocrx_word' id='word_1_149' title='bbox 732 1523 974 1566; x_wconf 85' lang='lat' dir='ltr'>Varronem</span> <span class='ocrx_word' id='word_1_150' title='bbox 1006 1521 1171 1564; x_wconf 86' lang='lat' dir='ltr'>totiens</span> <span class='ocrx_word' id='word_1_151' title='bbox 1203 1520 1294 1564; x_wconf 86' lang='lat' dir='ltr'>fere</span> <span class='ocrx_word' id='word_1_152' title='bbox 1328 1534 1422 1564; x_wconf 87' lang='lat' dir='ltr'>cum</span> <span class='ocrx_word' id='word_1_153' title='bbox 1453 1520 1694 1563; x_wconf 85' lang='lat' dir='ltr'>indicativo</span> 
     </span>
     <span class='ocr_line' id='line_1_22' title="bbox 144 1591 1554 1646; baseline -0.001 -11"><span class='ocrx_word' id='word_1_154' title='bbox 144 1593 377 1635; x_wconf 86' lang='lat' dir='ltr'>coniuncta</span> <span class='ocrx_word' id='word_1_155' title='bbox 408 1592 573 1646; x_wconf 84' lang='lat' dir='ltr'>legitur</span> <span class='ocrx_word' id='word_1_156' title='bbox 604 1605 731 1645; x_wconf 83' lang='lat' dir='ltr'>quam</span> <span class='ocrx_word' id='word_1_157' title='bbox 764 1605 857 1634; x_wconf 90' lang='lat' dir='ltr'>cum</span> <span class='ocrx_word' id='word_1_158' title='bbox 891 1592 1185 1644; x_wconf 83' lang='lat' dir='ltr'>coniunctivo3</span> <span class='ocrx_word' id='word_1_159' title='bbox 1220 1591 1294 1633; x_wconf 86' lang='lat' dir='ltr'>cfr.</span> <span class='ocrx_word' id='word_1_160' title='bbox 1329 1593 1445 1634; x_wconf 88' lang='lat' dir='ltr'>locos</span> <span class='ocrx_word' id='word_1_161' title='bbox 1477 1592 1554 1634; x_wconf 86' lang='lat' dir='ltr'>hos</span> 
     </span>
    </p>
   </div>
   <div class='ocr_carea' id='block_1_6' title="bbox 146 1663 1696 1862">
    <p class='ocr_par' dir='ltr' id='par_1_7' title="bbox 143 1663 1696 1862">
     <span class='ocr_line' id='line_1_23' title="bbox 262 1663 1696 1719; baseline -0.001 -13"><span class='ocrx_word' id='word_1_162' title='bbox 262 1665 287 1706; x_wconf 81' lang='grc' dir='ltr'>Ι</span> <span class='ocrx_word' id='word_1_163' title='bbox 322 1667 386 1716; x_wconf 82' lang='lat'>7,7</span> <span class='ocrx_word' id='word_1_164' title='bbox 422 1669 524 1708; x_wconf 73' lang='lat' dir='ltr'>sunt</span> <span class='ocrx_word' id='word_1_165' title='bbox 555 1679 661 1719; x_wconf 72' lang='lat' dir='ltr'>quae</span> <span class='ocrx_word' id='word_1_166' title='bbox 692 1679 781 1708; x_wconf 71' lang='lat' dir='ltr'>ozon</span> <span class='ocrx_word' id='word_1_167' title='bbox 812 1669 991 1719; x_wconf 68' lang='lat' dir='ltr'>possunt</span> <span class='ocrx_word' id='word_1_168' title='bbox 1021 1665 1157 1707; x_wconf 61' lang='lat' dir='ltr'>vivere</span> <span class='ocrx_word' id='word_1_169' title='bbox 1191 1698 1198 1706; x_wconf 94' lang='lat'>.</span> <span class='ocrx_word' id='word_1_170' title='bbox 1227 1698 1234 1706; x_wconf 93' lang='lat'>.</span> <span class='ocrx_word' id='word_1_171' title='bbox 1324 1663 1367 1707; x_wconf 91' lang='lat' dir='ltr'><strong>V</strong></span> <span class='ocrx_word' id='word_1_172' title='bbox 1401 1667 1451 1702; x_wconf 79' lang='grc'>8-5</span> <span class='ocrx_word' id='word_1_173' title='bbox 1487 1667 1589 1706; x_wconf 71' lang='lat' dir='ltr'>sunt</span> <span class='ocrx_word' id='word_1_174' title='bbox 1621 1664 1696 1717; x_wconf 70' lang='lat' dir='ltr'>qui</span> 
     </span>
     <span class='ocr_line' id='line_1_24' title="bbox 253 1732 1695 1790; baseline -0.001 -12.071"><span class='ocrx_word' id='word_1_175' title='bbox 253 1736 481 1788; x_wconf 51' lang='lat' dir='ltr'>deterunt,-</span> <span class='ocrx_word' id='word_1_176' title='bbox 512 1735 553 1777; x_wconf 91' lang='lat' dir='ltr'><strong>V</strong></span> <span class='ocrx_word' id='word_1_177' title='bbox 590 1738 668 1775; x_wconf 80' lang='lat'>157</span> <span class='ocrx_word' id='word_1_178' title='bbox 709 1740 812 1778; x_wconf 76' lang='lat' dir='ltr'>smzt</span> <span class='ocrx_word' id='word_1_179' title='bbox 850 1737 925 1790; x_wconf 72' lang='lat' dir='ltr'>qut</span> <span class='ocrx_word' id='word_1_180' title='bbox 961 1737 1248 1790; x_wconf 70' lang='lat' dir='ltr'>scripsermzt:</span> <span class='ocrx_word' id='word_1_181' title='bbox 1286 1732 1381 1776; x_wconf 75' lang='lat' dir='ltr'>VH</span> <span class='ocrx_word' id='word_1_182' title='bbox 1418 1737 1472 1774; x_wconf 80' lang='lat'>45</span> <span class='ocrx_word' id='word_1_183' title='bbox 1512 1739 1614 1778; x_wconf 77' lang='lat' dir='ltr'>szmt</span> <span class='ocrx_word' id='word_1_184' title='bbox 1645 1735 1695 1777; x_wconf 74' lang='lat' dir='ltr'>in</span> 
     </span>
     <span class='ocr_line' id='line_1_25' title="bbox 146 1807 786 1862; baseline 0 -13"><span class='ocrx_word' id='word_1_185' title='bbox 146 1807 296 1860; x_wconf 71' lang='lat' dir='ltr'>quibus</span> <span class='ocrx_word' id='word_1_186' title='bbox 330 1841 337 1848; x_wconf 95' lang='lat'>.</span> <span class='ocrx_word' id='word_1_187' title='bbox 364 1837 371 1844; x_wconf 90' lang='lat'>.</span> <span class='ocrx_word' id='word_1_188' title='bbox 397 1840 404 1847; x_wconf 95' lang='lat'>.</span> <span class='ocrx_word' id='word_1_189' title='bbox 439 1807 569 1849; x_wconf 63' lang='lat' dir='ltr'>latent</span> <span class='ocrx_word' id='word_1_190' title='bbox 601 1807 786 1862; x_wconf 64' lang='lat' dir='ltr'>oriyines</span> 
     </span>
    </p>
   </div>
   <div class='ocr_carea' id='block_1_7' title="bbox 139 1875 1696 2494">
    <p class='ocr_par' dir='ltr' id='par_1_8' title="bbox 139 1875 1696 2214">
     <span class='ocr_line' id='line_1_26' title="bbox 262 1875 1693 1931; baseline 0 -14"><span class='ocrx_word' id='word_1_191' title='bbox 262 1888 357 1918; x_wconf 87' lang='lat' dir='ltr'>cum</span> <span class='ocrx_word' id='word_1_192' title='bbox 385 1875 523 1918; x_wconf 86' lang='lat' dir='ltr'>hisee:</span> <span class='ocrx_word' id='word_1_193' title='bbox 556 1876 581 1917; x_wconf 85' lang='grc' dir='ltr'><strong>Ι</strong></span> <span class='ocrx_word' id='word_1_194' title='bbox 604 1880 627 1915; x_wconf 83' lang='grc'>8</span> <span class='ocrx_word' id='word_1_195' title='bbox 652 1875 747 1918; x_wconf 83' lang='lat' dir='ltr'>init.</span> <span class='ocrx_word' id='word_1_196' title='bbox 771 1881 874 1920; x_wconf 70' lang='lat' dir='ltr'>sunt</span> <span class='ocrx_word' id='word_1_197' title='bbox 905 1878 978 1931; x_wconf 73' lang='lat' dir='ltr'>qui</span> <span class='ocrx_word' id='word_1_198' title='bbox 1003 1881 1180 1931; x_wconf 42' lang='lat' dir='ltr'>putem&amp;</span> <span class='ocrx_word' id='word_1_199' title='bbox 1211 1876 1252 1919; x_wconf 91' lang='lat' dir='ltr'><strong>V</strong></span> <span class='ocrx_word' id='word_1_200' title='bbox 1277 1878 1328 1915; x_wconf 83' lang='lat'>30</span> <span class='ocrx_word' id='word_1_201' title='bbox 1352 1878 1533 1931; x_wconf 66' lang='lat' dir='ltr'>fuerunt</span> <span class='ocrx_word' id='word_1_202' title='bbox 1555 1875 1627 1928; x_wconf 65' lang='lat' dir='ltr'>qui</span> <span class='ocrx_word' id='word_1_203' title='bbox 1652 1909 1659 1917; x_wconf 89' lang='lat'>.</span> <span class='ocrx_word' id='word_1_204' title='bbox 1686 1908 1693 1917; x_wconf 94' lang='lat'>.</span> 
     </span>
     <span class='ocr_line' id='line_1_27' title="bbox 146 1943 1695 2002; baseline -0.003 -12"><span class='ocrx_word' id='word_1_205' title='bbox 146 1948 361 2000; x_wconf 50' lang='lat' dir='ltr'>dixerim·</span> <span class='ocrx_word' id='word_1_206' title='bbox 391 1945 494 1988; x_wconf 88' lang='lat' dir='ltr'>ibid.</span> <span class='ocrx_word' id='word_1_207' title='bbox 528 1952 631 1990; x_wconf 73' lang='lat' dir='ltr'>smzt</span> <span class='ocrx_word' id='word_1_208' title='bbox 661 1948 734 1998; x_wconf 72' lang='lat' dir='ltr'>qm·</span> <span class='ocrx_word' id='word_1_209' title='bbox 767 1981 774 1988; x_wconf 95' lang='lat'>.</span> <span class='ocrx_word' id='word_1_210' title='bbox 800 1981 808 1990; x_wconf 86' lang='lat'>.</span> <span class='ocrx_word' id='word_1_211' title='bbox 834 1981 842 1990; x_wconf 86' lang='lat'>.</span> <span class='ocrx_word' id='word_1_212' title='bbox 875 1948 1133 1990; x_wconf 65' lang='lat' dir='ltr'>tradiderint</span> <span class='ocrx_word' id='word_1_213' title='bbox 1165 1943 1421 2002; x_wconf 85' lang='lat' dir='ltr'>[deteriores</span> <span class='ocrx_word' id='word_1_214' title='bbox 1448 1944 1548 1986; x_wconf 87' lang='lat' dir='ltr'>libri</span> <span class='ocrx_word' id='word_1_215' title='bbox 1578 1947 1695 1987; x_wconf 92' lang='lat' dir='ltr'>utro-</span> 
     </span>
     <span class='ocr_line' id='line_1_28' title="bbox 139 2013 1693 2074; baseline -0.002 -16"><span class='ocrx_word' id='word_1_216' title='bbox 139 2016 269 2068; x_wconf 87' lang='lat' dir='ltr'>bique</span> <span class='ocrx_word' id='word_1_217' title='bbox 302 2016 429 2059; x_wconf 90' lang='lat' dir='ltr'>indic.</span> <span class='ocrx_word' id='word_1_218' title='bbox 462 2015 714 2074; x_wconf 85' lang='lat' dir='ltr'>praebent];</span> <span class='ocrx_word' id='word_1_219' title='bbox 747 2017 796 2059; x_wconf 90' lang='lat' dir='ltr'>X</span> <span class='ocrx_word' id='word_1_220' title='bbox 821 2023 842 2057; x_wconf 76' lang='grc'><strong>5</strong></span> <span class='ocrx_word' id='word_1_221' title='bbox 867 2023 969 2061; x_wconf 74' lang='lat' dir='ltr'>szmt</span> <span class='ocrx_word' id='word_1_222' title='bbox 991 2020 1063 2072; x_wconf 75' lang='lat' dir='ltr'>qui</span> <span class='ocrx_word' id='word_1_223' title='bbox 1089 2052 1096 2060; x_wconf 98' lang='lat'>.</span> <span class='ocrx_word' id='word_1_224' title='bbox 1123 2050 1131 2059; x_wconf 90' lang='lat'>.</span> <span class='ocrx_word' id='word_1_225' title='bbox 1158 2052 1165 2060; x_wconf 93' lang='lat'>.</span> <span class='ocrx_word' id='word_1_226' title='bbox 1182 2022 1338 2072; x_wconf 74' lang='lat' dir='ltr'>putent</span> <span class='ocrx_word' id='word_1_227' title='bbox 1366 2014 1538 2072; x_wconf 70' lang='lat' dir='ltr'>[putant</span> <span class='ocrx_word' id='word_1_228' title='bbox 1560 2013 1693 2057; x_wconf 84' lang='lat' dir='ltr'>Goth.</span> 
     </span>
     <span class='ocr_line' id='line_1_29' title="bbox 143 2084 1696 2142; baseline -0.001 -13"><span class='ocrx_word' id='word_1_229' title='bbox 143 2090 188 2129; x_wconf 85' lang='lat' dir='ltr'>et</span> <span class='ocrx_word' id='word_1_230' title='bbox 210 2084 394 2142; x_wconf 80' lang='lat' dir='ltr'>Haun.];</span> <span class='ocrx_word' id='word_1_231' title='bbox 430 2087 541 2129; x_wconf 86' lang='lat' dir='ltr'>adde</span> <span class='ocrx_word' id='word_1_232' title='bbox 563 2088 638 2130; x_wconf 86' lang='lat' dir='ltr'>IX</span> <span class='ocrx_word' id='word_1_233' title='bbox 663 2091 715 2128; x_wconf 85' lang='lat'>59</span> <span class='ocrx_word' id='word_1_234' title='bbox 742 2087 830 2140; x_wconf 88' lang='lat' dir='ltr'>(ubi</span> <span class='ocrx_word' id='word_1_235' title='bbox 853 2087 1116 2130; x_wconf 85' lang='lat' dir='ltr'>adiectivum</span> <span class='ocrx_word' id='word_1_236' title='bbox 1140 2087 1328 2139; x_wconf 87' lang='lat' dir='ltr'>accedit)</span> <span class='ocrx_word' id='word_1_237' title='bbox 1360 2101 1572 2142; x_wconf 74' lang='lat' dir='ltr'>perpauca</span> <span class='ocrx_word' id='word_1_238' title='bbox 1593 2090 1696 2128; x_wconf 72' lang='lat' dir='ltr'>sunt</span> 
     </span>
     <span class='ocr_line' id='line_1_30' title="bbox 141 2158 1287 2214; baseline 0 -13"><span class='ocrx_word' id='word_1_239' title='bbox 141 2173 246 2213; x_wconf 72' lang='lat' dir='ltr'>quae</span> <span class='ocrx_word' id='word_1_240' title='bbox 277 2159 455 2203; x_wconf 72' lang='lat' dir='ltr'>habeant</span> <span class='ocrx_word' id='word_1_241' title='bbox 488 2161 533 2199; x_wconf 87' lang='lat' dir='ltr'>et</span> <span class='ocrx_word' id='word_1_242' title='bbox 565 2158 589 2200; x_wconf 88' lang='lat' dir='ltr'>I</span> <span class='ocrx_word' id='word_1_243' title='bbox 623 2162 689 2211; x_wconf 83' lang='grc'>2,9</span> <span class='ocrx_word' id='word_1_244' title='bbox 725 2160 799 2214; x_wconf 68' lang='lat' dir='ltr'>qui</span> <span class='ocrx_word' id='word_1_245' title='bbox 832 2193 839 2201; x_wconf 90' lang='lat'>.</span> <span class='ocrx_word' id='word_1_246' title='bbox 867 2193 875 2202; x_wconf 89' lang='lat'>.</span> <span class='ocrx_word' id='word_1_247' title='bbox 901 2160 1082 2213; x_wconf 66' lang='lat' dir='ltr'>possint,</span> <span class='ocrx_word' id='word_1_248' title='bbox 1118 2160 1287 2202; x_wconf 65' lang='lat' dir='ltr'>adeant.</span> 
     </span>
    </p>

    <p class='ocr_par' dir='ltr' id='par_1_9' title="bbox 140 2225 1696 2494">
     <span class='ocr_line' id='line_1_31' title="bbox 260 2225 1694 2282; baseline -0.001 -12"><span class='ocrx_word' id='word_1_249' title='bbox 260 2227 401 2281; x_wconf 81' lang='lat' dir='ltr'>Saepe</span> <span class='ocrx_word' id='word_1_250' title='bbox 435 2228 569 2270; x_wconf 87' lang='lat' dir='ltr'>etiam</span> <span class='ocrx_word' id='word_1_251' title='bbox 609 2228 702 2271; x_wconf 90' lang='lat' dir='ltr'>sine</span> <span class='ocrx_word' id='word_1_252' title='bbox 742 2229 873 2271; x_wconf 87' lang='lat' dir='ltr'>verbo</span> <span class='ocrx_word' id='word_1_253' title='bbox 911 2228 1034 2270; x_wconf 85' lang='lat' dir='ltr'>finito</span> <span class='ocrx_word' id='word_1_254' title='bbox 1073 2228 1237 2282; x_wconf 88' lang='lat' dir='ltr'>legitur</span> <span class='ocrx_word' id='word_1_255' title='bbox 1275 2233 1378 2272; x_wconf 72' lang='lat' dir='ltr'>sunt</span> <span class='ocrx_word' id='word_1_256' title='bbox 1409 2229 1506 2282; x_wconf 41' lang='lat' dir='ltr'>qm]</span> <span class='ocrx_word' id='word_1_257' title='bbox 1540 2225 1616 2268; x_wconf 83' lang='lat' dir='ltr'>cfr.</span> <span class='ocrx_word' id='word_1_258' title='bbox 1651 2225 1694 2269; x_wconf 93' lang='lat' dir='ltr'><strong>V</strong></span> 
     </span>
     <span class='ocr_line' id='line_1_32' title="bbox 143 2297 1696 2351; baseline -0.001 -12"><span class='ocrx_word' id='word_1_259' title='bbox 143 2303 193 2339; x_wconf 83' lang='lat'>51</span> <span class='ocrx_word' id='word_1_260' title='bbox 231 2299 357 2342; x_wconf 70' lang='lat' dir='ltr'>Collis</span> <span class='ocrx_word' id='word_1_261' title='bbox 397 2300 624 2343; x_wconf 65' lang='lat' dir='ltr'>Viminalis</span> <span class='ocrx_word' id='word_1_262' title='bbox 656 2315 682 2343; x_wconf 76' lang='grc'>(1</span> <span class='ocrx_word' id='word_1_263' title='bbox 713 2300 811 2343; x_wconf 64' lang='lat' dir='ltr'>Ioce</span> <span class='ocrx_word' id='word_1_264' title='bbox 841 2301 1047 2351; x_wconf 56' lang='lat' dir='ltr'>Vimz&#39;nim</span> <span class='ocrx_word' id='word_1_265' title='bbox 1082 2301 1189 2351; x_wconf 74' lang='lat' dir='ltr'>Quod</span> <span class='ocrx_word' id='word_1_266' title='bbox 1225 2301 1277 2342; x_wconf 70' lang='lat' dir='ltr'>ibi.</span> <span class='ocrx_word' id='word_1_267' title='bbox 1310 2312 1421 2341; x_wconf 74' lang='lat' dir='ltr'>arae.</span> <span class='ocrx_word' id='word_1_268' title='bbox 1456 2302 1578 2340; x_wconf 72' lang='lat' dir='ltr'>sunt</span> <span class='ocrx_word' id='word_1_269' title='bbox 1609 2297 1696 2347; x_wconf 73' lang='lat' dir='ltr'>Qui</span> 
     </span>
     <span class='ocr_line' id='line_1_33' title="bbox 140 2367 1695 2425; baseline -0.001 -13"><span class='ocrx_word' id='word_1_270' title='bbox 140 2371 247 2421; x_wconf 74' lang='lat' dir='ltr'>quod</span> <span class='ocrx_word' id='word_1_271' title='bbox 277 2371 335 2413; x_wconf 59' lang='lat' dir='ltr'>iba·</span> <span class='ocrx_word' id='word_1_272' title='bbox 363 2372 563 2414; x_wconf 64' lang='lat' dir='ltr'>vimineta</span> <span class='ocrx_word' id='word_1_273' title='bbox 586 2372 764 2425; x_wconf 67' lang='lat' dir='ltr'>fuerint.</span> <span class='ocrx_word' id='word_1_274' title='bbox 816 2370 942 2413; x_wconf 68' lang='lat' dir='ltr'>Collis</span> <span class='ocrx_word' id='word_1_275' title='bbox 965 2371 1229 2423; x_wconf 68' lang='lat' dir='ltr'>Quirinalis:</span> <span class='ocrx_word' id='word_1_276' title='bbox 1268 2367 1484 2422; x_wconf 57' lang='grc'><strong>9111111111)</strong></span> <span class='ocrx_word' id='word_1_277' title='bbox 1517 2371 1695 2423; x_wconf 60' lang='lat' dir='ltr'>fanumj</span> 
     </span>
     <span class='ocr_line' id='line_1_34' title="bbox 140 2441 926 2494; baseline -0.001 -11"><span class='ocrx_word' id='word_1_278' title='bbox 140 2445 259 2484; x_wconf 75' lang='lat' dir='ltr'>sunt</span> <span class='ocrx_word' id='word_1_279' title='bbox 291 2442 377 2494; x_wconf 65' lang='lat' dir='ltr'>qui</span> <span class='ocrx_word' id='word_1_280' title='bbox 408 2455 434 2484; x_wconf 82' lang='lat' dir='ltr'>a</span> <span class='ocrx_word' id='word_1_281' title='bbox 466 2441 705 2493; x_wconf 68' lang='lat' dir='ltr'>Quiritibus</span> <span class='ocrx_word' id='word_1_282' title='bbox 736 2443 811 2493; x_wconf 74' lang='lat' dir='ltr'>qm·</span> <span class='ocrx_word' id='word_1_283' title='bbox 843 2444 926 2482; x_wconf 79' lang='lat' dir='ltr'>etc.</span> 
     </span>
    </p>
   </div>
   <div class='ocr_carea' id='block_1_8' title="bbox 141 2566 1694 2670">
    <p class='ocr_par' dir='ltr' id='par_1_10' title="bbox 141 2566 1694 2670">
     <span class='ocr_line' id='line_1_35' title="bbox 262 2566 1694 2612; baseline -0.001 -11"><span class='ocrx_word' id='word_1_284' title='bbox 262 2568 290 2612; x_wconf 82' lang='grc'>1)</span> <span class='ocrx_word' id='word_1_285' title='bbox 316 2566 396 2601; x_wconf 91' lang='lat' dir='ltr'>Non</span> <span class='ocrx_word' id='word_1_286' title='bbox 415 2567 651 2602; x_wconf 83' lang='lat' dir='ltr'>dubitandum</span> <span class='ocrx_word' id='word_1_287' title='bbox 671 2567 756 2611; x_wconf 81' lang='lat' dir='ltr'>quin</span> <span class='ocrx_word' id='word_1_288' title='bbox 775 2571 839 2602; x_wconf 88' lang='lat' dir='ltr'>aut</span> <span class='ocrx_word' id='word_1_289' title='bbox 856 2571 941 2602; x_wconf 86' lang='lat' dir='ltr'>ante</span> <span class='ocrx_word' id='word_1_290' title='bbox 958 2577 1083 2603; x_wconf 88' lang='lat' dir='ltr'>vocem</span> <span class='ocrx_word' id='word_1_291' title='bbox 1105 2566 1249 2609; x_wconf 70' lang='lat' dir='ltr'>Quirini</span> <span class='ocrx_word' id='word_1_292' title='bbox 1266 2570 1331 2601; x_wconf 86' lang='lat' dir='ltr'>aut</span> <span class='ocrx_word' id='word_1_293' title='bbox 1348 2569 1432 2610; x_wconf 80' lang='lat' dir='ltr'>post</span> <span class='ocrx_word' id='word_1_294' title='bbox 1450 2576 1528 2600; x_wconf 82' lang='lat' dir='ltr'>eam</span> <span class='ocrx_word' id='word_1_295' title='bbox 1545 2568 1694 2610; x_wconf 87' lang='lat' dir='ltr'>propter</span> 
     </span>
     <span class='ocr_line' id='line_1_36' title="bbox 141 2623 1610 2670; baseline -0.001 -10"><span class='ocrx_word' id='word_1_296' title='bbox 141 2625 347 2660; x_wconf 85' lang='lat' dir='ltr'>litterarum</span> <span class='ocrx_word' id='word_1_297' title='bbox 373 2625 649 2662; x_wconf 85' lang='lat' dir='ltr'>similitudinem</span> <span class='ocrx_word' id='word_1_298' title='bbox 675 2626 875 2662; x_wconf 80' lang='lat' dir='ltr'>exciderint</span> <span class='ocrx_word' id='word_1_299' title='bbox 899 2625 1012 2662; x_wconf 80' lang='lat' dir='ltr'>verba</span> <span class='ocrx_word' id='word_1_300' title='bbox 1037 2625 1133 2670; x_wconf 78' lang='lat' dir='ltr'>quod</span> <span class='ocrx_word' id='word_1_301' title='bbox 1157 2625 1214 2666; x_wconf 73' lang='lat' dir='ltr'>ibi,</span> <span class='ocrx_word' id='word_1_302' title='bbox 1242 2625 1306 2659; x_wconf 87' lang='lat' dir='ltr'>cfr.</span> <span class='ocrx_word' id='word_1_303' title='bbox 1334 2623 1491 2669; x_wconf 86' lang='lat' dir='ltr'>Spengel</span> <span class='ocrx_word' id='word_1_304' title='bbox 1517 2624 1563 2659; x_wconf 83' lang='lat' dir='ltr'>ad</span> <span class='ocrx_word' id='word_1_305' title='bbox 1588 2624 1610 2659; x_wconf 87' lang='lat'>1.</span> 
     </span>
    </p>
   </div>
  </div>
 </body>
</html>
