1833 3048
790 49 1079 85 -79-

161 161 397 215 adscripsit
429 161 520 203 etia
540 179 563 202 ii
595 162 632 209 Ι,
669 165 762 210 24,1
799 162 962 216 (ayremz
993 163 1133 204 oliveto
1156 163 1414 212 conserendo,
1449 164 1533 204 nisi
1564 164 1635 215 qui
1668 163 1711 204 in

165 235 329 272 rentum
358 232 571 285 favonium
594 235 744 284 spectet
775 236 812 276 ct
833 232 910 273 soli
930 236 1114 274 ostentus
1135 233 1202 282 sit,
1232 233 1361 273 alium
1383 232 1530 274 bonum
1551 233 1712 273 nullum

158 315 246 343 esse
280 319 333 340 ω
368 301 480 345 Cato
516 305 582 355 6‚2
616 301 689 344 ubi
721 302 844 344 deest
877 302 988 355 nisi).

792 536 960 588 Caput
992 537 1071 582 IV.

482 628 553 672 De
586 628 751 673 colore
785 628 1029 673 sermonis
1062 628 1105 671 V
1109 628 1380 673 arroniani.

869 747 890 799 ξ
927 751 992 788 64.

274 829 365 871 Res
388 841 414 871 a
437 829 636 874 Varrone
667 829 712 870 in
744 828 867 871 libris
900 828 1210 882 superstitibus
1248 832 1475 872 tractatae
1508 842 1603 872 cum
1635 831 1709 874 vix

157 899 274 941 tales
308 904 457 941 essent
495 904 545 941 ut
583 900 627 941 in
667 899 729 941 eis
770 899 1026 942 enarrandis
1065 899 1253 952 scriptor
1285 899 1479 951 specioso
1513 912 1708 943 sermone

155 969 224 1012 uti
256 974 416 1022 posset,
450 974 600 1012 tamen
622 982 762 1012 rerum
793 970 1055 1012 rusticarum
1086 970 1221 1012 libros
1254 982 1306 1011 ea
1338 973 1436 1012 arte
1468 971 1709 1024 composuit

154 1042 204 1081 ut
251 1040 463 1082 materiae
510 1040 730 1083 vilitatem
778 1040 996 1082 scribendi
1036 1052 1196 1094 genere
1238 1039 1350 1082 satis
1392 1045 1706 1093 compensaret.

154 1109 271 1152 Huic
316 1110 460 1152 studio
503 1111 736 1153 obsecutus
779 1111 943 1165 dialogi
974 1110 1156 1153 formam
1198 1110 1338 1152 sterili
1376 1115 1707 1164 praeceptorum

154 1181 336 1223 tabulae
368 1180 598 1235 praetulit;
636 1180 820 1234 singulis
859 1180 981 1222 libris
1020 1180 1352 1222 adhortationes
1385 1184 1434 1222 ut
1466 1182 1532 1223 ita
1565 1182 1706 1224 dicam

156 1251 385 1303 praemisit
428 1251 582 1303 quibus
625 1256 787 1303 quanto
830 1251 925 1294 vita
957 1251 1125 1293 rustica
1157 1252 1350 1293 urbanae
1382 1251 1503 1294 vitae
1535 1253 1703 1305 praefe-

153 1321 292 1363 renda
343 1322 403 1363 sit
442 1325 628 1364 venuste
667 1322 863 1374 exponit,
908 1324 1040 1373 atque
1071 1321 1116 1363 in
1148 1323 1215 1364 his
1248 1322 1389 1374 operis
1421 1322 1619 1374 partibus
1651 1336 1705 1366 ne

156 1392 366 1434 sermonis
398 1392 568 1444 quidem
592 1392 858 1446 elegantiam
881 1392 1215 1434 desiderandam
1236 1392 1431 1444 reliquit3
1464 1394 1705 1436 nominibus

153 1473 298 1504 eorum
331 1475 436 1514 quos
470 1463 767 1513 colloquentes
789 1462 899 1504 facit
931 1462 997 1504 ita
1028 1462 1141 1504 ludit
1173 1467 1222 1504 ut
1255 1463 1311 1504 ad
1341 1476 1410 1505 res
1444 1464 1704 1506 tractandas

151 1532 342 1585 referat3
387 1532 541 1575 Scrofa
583 1533 695 1574 enim
739 1533 790 1574 de
833 1533 959 1575 suillo
1002 1545 1162 1587 genere
1195 1533 1386 1581 disserit,
1426 1534 1617 1578 Vaccius
1650 1535 1703 1577 de

152 1604 290 1645 bubus
330 1607 413 1646 etc.
456 1607 501 1645 et
534 1603 769 1657 diligenter
799 1603 842 1644 id
875 1603 1047 1646 curavit
1079 1607 1128 1645 ut
1159 1603 1204 1646 in
1236 1603 1445 1656 colloquio
1479 1605 1535 1646 ad
1566 1605 1704 1658 proxi-

150 1686 262 1715 mam
295 1676 468 1726 partem
505 1677 787 1716 transeuntes
827 1674 968 1726 lepide
1006 1676 1140 1726 atque
1178 1674 1355 1724 urbane,
1398 1687 1529 1727 saepe
1569 1675 1704 1718 etiam

150 1744 297 1785 facete
340 1756 386 1786 se
437 1744 701 1797 exciperent.
766 1744 1085 1796 Nonnunquam
1133 1757 1238 1787 sane
1285 1744 1510 1797 scriptoris
1557 1747 1704 1801 negle-

151 1813 304 1866 gentia
336 1813 502 1856 factum
535 1817 604 1857 est
636 1818 686 1856 ut
718 1813 892 1856 dubium
923 1818 1101 1856 maneat
1124 1827 1233 1867 quae
1255 1815 1520 1869 singulorum
1551 1820 1702 1869 partes

150 1884 254 1937 sint,
289 1885 548 1937 praesertim
581 1885 624 1926 in
656 1884 793 1937 primo
825 1885 934 1927 libro
967 1885 1011 1927 in
1043 1897 1125 1937 quo
1164 1886 1333 1928 omnino
1366 1887 1702 1938 colloquentium

149 1967 364 2008 personae
402 1956 537 1998 multo
578 1955 717 1998 minus
756 1955 980 1998 distinctis
1011 1955 1167 1998 finibus
1200 1956 1554 2010 circumscriptae
1586 1961 1700 2009 sunt,

153 2038 248 2067 cum
281 2038 426 2068 eorum
458 2026 632 2068 nomina
663 2029 708 2067 et
740 2038 810 2068 res
850 2026 1153 2079 exprimendae
1191 2027 1362 2070 vinculo
1396 2027 1702 2072 associationis

155 2096 222 2147 (ut
239 2096 496 2139 recentioris
515 2097 681 2139 aetatis
704 2097 915 2139 vocabulo
938 2098 1125 2139 barbaro
1147 2100 1263 2151 utar)
1282 2110 1365 2140 non
1384 2098 1700 2153 cohaereant1).

152 2165 241 2208 Ofr.
264 2166 493 2209 Zahlfeldt
514 2165 736 2222 ‘Quaestt
768 2167 864 2209 crit.
898 2167 943 2209 in
964 2168 1093 2212 Varr.
1126 2181 1208 2210 rer.
1241 2171 1349 2210 rust.
1382 2167 1542 2210 libros'.
1576 2169 1702 2212 Eius-

151 2236 248 2278 dem
297 2237 605 2291 neglegentiae
652 2241 722 2280 est
769 2238 880 2291 quod
922 2239 1002 2280 hoc
1042 2238 1172 2281 illove
1214 2238 1308 2280 loco
1349 2238 1631 2290 partitionem
1675 2253 1701 2282 a

150 2308 349 2352 Varrone
382 2307 510 2350 anxie
541 2307 782 2350 indicatam
814 2321 898 2350 non
930 2309 1210 2351 observatam
1242 2309 1449 2351 videmus.

265 2379 393 2421 Haec
426 2379 477 2421 de
510 2379 714 2423 universa
736 2379 941 2421 librorum
963 2378 1283 2431 compositione.
1318 2380 1559 2422 Praeterea
1577 2393 1698 2423 occa-

148 2448 270 2491 sione
302 2449 410 2491 data
441 2449 798 2492 narratiunculas
829 2449 984 2492 inserit
1016 2449 1072 2491 ad
1103 2449 1242 2492 vitam
1274 2463 1409 2499 suam,
1454 2454 1506 2492 ad
1537 2451 1700 2494 itinera

267 2614 293 2657 ¹)
328 2613 381 2648 Eo
424 2613 540 2647 minus
580 2612 778 2649 verisimile
819 2616 876 2648 est
918 2612 1119 2648 Varronem
1163 2612 1386 2657 singulorum
1426 2612 1486 2656 qui
1528 2613 1698 2658 colloquii

148 2670 347 2715 participes
384 2676 469 2707 sunt
503 2683 702 2708 sermonem
742 2683 763 2707 a
789 2671 919 2707 ceteris
960 2671 1141 2707 diversum
1175 2671 1399 2706 conformare
1426 2671 1626 2715 studuisse,
1661 2673 1698 2708 id

146 2729 239 2773 quod
265 2739 294 2765 e.
322 2740 356 2774 g.
384 2730 419 2765 in
447 2730 591 2776 dialogo
625 2731 669 2766 de
704 2730 924 2773 oratoribus,
959 2730 995 2764 in
1031 2729 1213 2765 Ciceronis
1249 2730 1293 2766 de
1328 2734 1472 2765 oratore
1497 2729 1600 2766 libris
1627 2735 1695 2767 etc.

145 2792 312 2832 apertum
347 2792 413 2824 est.
463 2789 542 2825 Non
583 2789 699 2835 igitur
741 2799 830 2833 opus
872 2792 928 2823 est
969 2787 1064 2832 apud
1101 2788 1301 2824 Varronem
1343 2789 1448 2824 huius
1492 2789 1545 2824 rei
1584 2789 1696 2826 ullam

143 2847 321 2882 rationem
347 2847 490 2883 habere.
