1833 3048
808 38 1098 76 --25-Β

292 154 401 195 Duo
433 151 569 205 igitur
601 151 944 195 substantiva
976 151 1020 194 in
1052 151 1175 193 libris
1209 151 1261 193 de
1292 151 1320 192 l.
1345 152 1371 193 1.
1395 162 1613 202 nunquam
1635 150 1729 192 sine

177 222 478 265 coniunctione
525 225 743 274 ponuntur
791 223 906 274 (nam
960 221 1192 264 omittendi
1234 224 1335 263 sunt
1378 233 1522 262 omnes
1565 220 1605 262 ei
1646 219 1730 261 loci

177 293 329 345 quibus
363 293 444 334 duo
477 291 650 334 nomina
683 291 867 344 exempli
900 303 1034 333 causa
1067 291 1292 343 adscripta
1325 294 1440 338 sunt,
1475 303 1527 332 ea
1559 290 1731 342 quidem

182 363 437 415 copulativa
469 362 688 415 particula
720 374 805 403 non
839 362 1071 404 coniuncta
1102 362 1226 404 velut
1249 362 1368 406 VIII
1393 366 1444 401 66
1469 364 1542 405 Itos
1565 363 1732 406 Montes

179 434 337 477 Fontes
370 431 488 485 etc),
522 432 565 474 in
598 445 630 472 r.
665 445 697 473 r.
733 431 855 474 libris
889 431 1131 474 rarissime:

294 503 320 545 1
350 507 401 542 58
434 504 532 559 faba
556 504 770 558 Zefflcmimt
794 537 801 545 .
829 537 836 545 .
863 504 1042 558 .perdizc
1067 503 1299 546 incolumen
1320 508 1568 555 servantum·
1589 502 1640 543 ΙΙ
1663 506 1730 554 4,:3

170 579 469 628 praeterquam
508 574 685 628 pedibus
733 574 887 627 capita
932 572 1009 614 111
1057 573 1155 620 9,14
1203 588 1286 627 qua
1333 574 1541 627 coeperint
1586 574 1733 616 habere

171 646 349 699 pinnas,
384 659 403 687 e
435 646 577 699 capite,
612 659 632 686 e
663 644 763 686 eollo
795 658 938 686 eorum
970 644 1109 686 erebro
1142 644 1321 699 eliyemh'
1349 645 1474 698 pedes
1505 667 1561 673 —
1592 655 1733 695 pauca

179 726 283 756 sane
317 713 451 766 prisci
484 713 692 755 sermonis
724 712 932 767 vestigia,
965 725 1045 754 nec
1068 715 1218 755 tamen
1240 725 1292 754 ea
1315 712 1576 755 coniecturis
1598 725 1732 754 remo-

178 783 322 826 venda
355 782 448 835 (cfr.
481 782 599 826 Keil.
634 783 688 824 ad
720 783 771 824 II
805 782 907 838 4,3),
942 795 1201 836 quamquam
1234 782 1335 835 quin
1367 796 1521 826 revera
1552 783 1732 826 nonnul-

179 853 232 896 lis
264 854 370 896 locis
404 853 615 896 exciderit
650 853 907 907 coniunctio,
942 853 1115 896 dubium
1149 866 1243 896 esse
1276 853 1440 906 nequit.

297 924 422 966 Plus
465 924 557 966 duo
596 924 816 966 membra
855 949 909 954 —-
949 923 1025 966 cfr.
1060 925 1244 967 Kiihner
1281 937 1320 977 p.
1358 928 1440 965 654
1484 949 1532 954 -—
1574 936 1668 966 cum
1708 937 1734 966 a

181 994 340 1037 ceteris
379 994 665 1048 scriptoribus
703 995 954 1047 plerumque
994 995 1057 1037 sic
1090 995 1409 1049 coniungantur
1445 998 1494 1036 ut
1527 997 1604 1037 aut
1635 1007 1734 1036 nus-

183 1077 309 1118 quam
343 1068 420 1107 aut
452 1065 609 1117 ubique
640 1067 829 1118 ponatur
860 1071 898 1109 et
929 1067 1007 1107 aut
1039 1066 1274 1107 membrum
1307 1066 1547 1107 extremum
1579 1065 1734 1107 adnec-

181 1139 305 1178 tatur
336 1135 557 1189 particula
589 1152 679 1191 que,
713 1135 868 1189 Varro,
910 1136 982 1188 qui
1013 1135 1209 1189 plurimis
1243 1148 1350 1178 sane
1382 1135 1488 1178 locis
1521 1136 1736 1190 asyndeto

181 1218 284 1249 usus
307 1209 389 1260 est,
412 1210 561 1249 tamen
583 1218 888 1258 nonnunquam
912 1206 1045 1249 etiam
1069 1218 1164 1248 eam
1186 1205 1368 1248 formam
1390 1206 1581 1260 admisit,
1608 1219 1737 1259 quam

183 1277 334 1320 Cicero
368 1289 450 1319 uno
483 1279 657 1319 tantum
690 1277 784 1319 loco
817 1276 1103 1330 epistularum
1135 1276 1378 1329 usurpavit,
1413 1276 1506 1319 scil.
1540 1280 1589 1319 ut
1620 1277 1737 1319 inter

184 1351 424 1390 extremum
455 1348 688 1390 membrum
723 1349 768 1390 et
790 1347 834 1390 id
857 1348 967 1400 quod
989 1347 1216 1400 praecedit
1239 1347 1460 1389 inseratur
1484 1347 1572 1403 015¹).
1620 1347 1736 1389 Nam

185 1418 338 1471 quibus
370 1418 478 1460 locis
501 1417 801 1460 Ciceronianis
833 1421 1066 1471 praeterea
1096 1417 1148 1460 de
1170 1417 1311 1460 tribus
1334 1417 1536 1460 membris
1558 1417 1603 1459 id
1625 1417 1738 1470 quod

183 1491 425 1531 extremum
463 1492 532 1531 est
570 1488 788 1542 particula
822 1494 864 1532 et
897 1488 1073 1530 adnecti
1105 1488 1292 1541 videtur,
1333 1487 1396 1530 eis
1428 1487 1610 1541 primum
1643 1500 1737 1530 cum

184 1558 371 1602 secundo
409 1559 475 1602 ita
518 1560 724 1601 cohaeret
765 1561 815 1601 ut
852 1558 1016 1601 rectius
1056 1557 1137 1600 duo
1177 1558 1370 1600 membra
1409 1557 1739 1612 distinguantur

185 1642 312 1683 quam
345 1629 453 1680 tria3
487 1629 563 1673 cfr.
598 1629 769 1672 Kohler
801 1629 904 1672 Act.
941 1628 1053 1672 Sem.
1078 1628 1169 1670 Erl.
1203 1629 1228 1671 I
1254 1633 1347 1670 148.
1396 1628 1539 1670 Locus
1572 1628 1623 1670 de
1656 1641 1737 1681 quo

185 1700 280 1742 dico
313 1703 382 1743 est
420 1701 477 1743 ad
509 1700 610 1743 Att.
643 1701 668 1744 I
701 1704 795 1755 2071
833 1700 938 1756 (quet
974 1703 1023 1745 de
1060 1716 1106 1744 re
1144 1716 1238 1744 cum
1280 1702 1335 1744 ad
1365 1716 1428 1744 me
1459 1702 1522 1744 ita
1552 1701 1740 1744 suaviter

185 1773 410 1829 diliyenter
441 1773 625 1829 officiose
656 1777 693 1816 et
723 1773 970 1816 humaniter
1001 1772 1221 1827 scripseris
1242 1770 1330 1826 -)‚
1364 1770 1437 1813 ubi
1469 1770 1568 1814 vide
1595 1771 1738 1820 Boot„

186 1841 259 1894 qui
301 1844 422 1884 recte
464 1844 610 1884 monet
648 1841 978 1885 discernendum
1020 1854 1117 1884 esse
1159 1841 1275 1883 inter
1317 1853 1389 1883 eos
1428 1841 1545 1884 locos
1585 1841 1738 1894 quibus

187 1929 264 1968 que
302 1916 348 1954 et
387 1925 460 1955 eos
500 1912 653 1964 quibus
693 1919 730 1957 et
767 1911 955 1965 positum
994 1911 1064 1954 sit.
1130 1911 1334 1955 Ceterum
1366 1924 1451 1954 non
1483 1912 1610 1954 credo
1644 1925 1739 1955 cum

187 1983 369 2026 Baitero
414 1990 459 2025 et
497 1982 655 2025 Bootio
698 1982 812 2036 apud
850 1981 1102 2026 Ciceronem
1145 1983 1172 2024 1.
1207 1983 1234 2023 ].
1276 1988 1313 2026 et
1354 1994 1449 2025 esse
1492 1982 1737 2035 delendum3

188 2065 287 2096 nam
325 2052 470 2106 potuit
508 2053 622 2095 haud
660 2053 787 2096 dubie
826 2052 977 2096 Cicero
1016 2052 1061 2095 in
1100 2052 1288 2105 epistula
1325 2053 1439 2095 hanc
1471 2055 1740 2095 structuram

189 2123 329 2166 minus
342 2124 589 2178 elegantem
599 2123 632 2180 2)
647 2123 730 2167 sibi
744 2123 978 2167 concedere
991 2123 1111 2166 cuius
1126 2123 1323 2177 exempla
1336 2123 1449 2177 apud
1459 2122 1740 2179 Varronemss)

192 2194 428 2248 compluria
459 2194 756 2238 inveniuntur:

314 2311 340 2354 1)
367 2310 555 2346 Particula
581 2322 633 2345 ac
659 2320 738 2346 cum
764 2320 834 2346 non
860 2321 943 2346 raro
971 2310 1067 2345 inter
1085 2310 1281 2345 secundum
1306 2309 1504 2345 membrum
1530 2312 1567 2344 et
1591 2309 1741 2344 tertium

191 2369 459 2414 interponatur,
488 2369 531 2404 ab
558 2369 610 2405 eis
636 2369 726 2404 locis
753 2369 881 2413 quibus
907 2369 944 2404 id
969 2368 1010 2403 fit
1035 2368 1290 2404 abstinendum
1324 2374 1393 2403 est.
1445 2368 1670 2412 Quamquam
1695 2378 1741 2403 ne

189 2428 284 2463 Keil.
304 2427 448 2471 quidem
474 2428 666 2472 utriusque
692 2428 838 2474 generis
863 2428 962 2463 locos
989 2427 1162 2463 discrevit
1187 2427 1223 2461 in
1250 2438 1376 2462 comm.
1395 2426 1440 2462 ad
1459 2427 1525 2470 14,
1546 2428 1576 2462 1.
1619 2427 1741 2463 Minus

190 2491 362 2523 accurate
390 2487 500 2523 etiam
526 2487 710 2523 Hofmann
738 2488 812 2523 Cic.
838 2487 905 2532 Ep.
931 2487 951 2522 I
976 2498 1010 2532 p.
1038 2488 1116 2522 148.

311 2546 339 2592 2)
365 2546 537 2582 Fortasse
562 2557 607 2581 ne
632 2547 700 2582 hoc
726 2546 869 2590 quidem
902 2546 979 2580 loco
1014 2555 1102 2590 opus
1139 2548 1196 2580 est
1224 2544 1389 2579 Ciceroni
1416 2544 1592 2578 eiusmodi
1617 2544 1741 2589 negle-

194 2605 358 2651 gentiam
383 2605 578 2649 vindicare,
607 2605 638 2640 si
665 2609 808 2641 statues
834 2605 889 2640 bis
915 2605 1001 2639 bina
1028 2603 1200 2639 adverbia
1226 2603 1279 2638 ita
1305 2603 1495 2648 coniungi,
1522 2606 1565 2637 ut
1589 2603 1765 2638 tertium*

193 2663 458 2707 quodammodo
486 2664 531 2699 ad
557 2664 751 2700 secundum
779 2667 934 2708 spectet,
962 2666 1132 2706 quartum
1160 2662 1205 2696 ad
1230 2662 1395 2706 primum.

312 2723 338 2768 ³)
364 2722 485 2758 Verba
502 2734 593 2767 quae
610 2724 784 2769 leguntur
800 2723 818 2757 I
835 2725 868 2766 4,
897 2723 915 2757 1
933 2733 1028 2767 aqua
1048 2726 1146 2755 terra
1168 2721 1288 2755 anima
1311 2724 1346 2755 et
1363 2719 1419 2755 sol
1438 2720 1602 2755 consulto
1626 2720 1741 2763 omisi,

194 2781 288 2824 quod
312 2781 420 2817 Ennii
447 2785 549 2825 sunt,
581 2792 651 2817 non
677 2781 870 2827 Varronis3
904 2781 1063 2816 fortasse
1097 2789 1224 2815 versus
1249 2778 1351 2814 heroi
1377 2785 1575 2814 extremam
1599 2782 1742 2823 partem

193 2839 368 2876 efficiunt.
419 2839 594 2875 Similiter
626 2839 765 2886 legitur
797 2839 892 2884 apud
927 2838 1109 2874 Catullum
1135 2839 1198 2881 (³3,
1225 2839 1269 2873 60
1295 2837 1412 2872 Abero
1442 2838 1529 2883 foro
1550 2837 1742 2883 palaestra
