1787 3043
235 70 287 109 32

314 193 580 233 Padhaerere.
627 191 717 231 Hoc
764 192 860 231 loco
908 190 957 230 Ill
1003 192 1082 232 55?
1118 188 1473 241 qiu-‹udoqm'deon
1509 202 1673 229 conara

178 275 335 313 corpus
367 259 577 300 (estham-et
601 259 934 309 Bockemueller,
969 259 1123 311 quippe
1155 259 1226 311 qui
1258 258 1435 298 (azimus
1466 269 1542 309 pro
1575 256 1675 297 sub-

177 331 288 371 iecto
338 328 455 369 verbi
502 328 606 368 finiti
652 327 1062 379 subintellegendum
1112 339 1205 368 esse
1244 331 1375 379 putet,
1424 326 1523 378 quin
1570 325 1674 366 falso

179 411 335 449 corpus*
367 397 661 437 accusativum
695 408 789 436 esse
821 396 1054 436 contendat
1085 395 1259 436 dubium
1292 407 1379 435 non
1410 399 1489 444 est3
1521 407 1676 445 corpus

178 466 291 507 enim
322 477 398 518 pro
427 464 620 505 subiecto
653 464 859 504 enuntiati
886 463 1143 514 habendum,
1171 468 1210 504 et
1235 468 1351 504 recte
1368 463 1492 503 vertit
1508 462 1675 502 Munro:

179 535 295 575 since
326 533 399 574 the
431 532 542 585 body
574 533 608 572 is
639 532 841 572 attached
871 536 915 572 to
947 532 978 572 it
1010 531 1064 585 by
1095 532 1166 572 the
1200 535 1372 572 nearest
1402 531 1491 571 ties

315 601 421 642 Tum
453 600 585 641 verba
616 613 713 641 cum
744 600 1063 652 praepositione
1095 599 1327 640 ablativum
1361 603 1534 650 regente
1557 610 1676 638 com-

178 672 319 724 posita
369 669 573 710 nonnulla
623 668 736 720 apud
782 668 1022 708 Lucretium
1075 667 1369 708 accusativum
1415 666 1493 706 sibi
1538 665 1676 706 adsci—

178 743 314 780 scunt.
375 738 522 790 Neque
567 737 674 777 haec
706 736 837 777 verba
868 737 1047 776 multum
1082 736 1295 788 peculiare
1326 734 1545 787 praebent,
1579 747 1673 774 cum

178 807 439 861 praepositio
472 806 560 846 sive
592 805 732 857 potius
764 804 1063 857 praeverbium
1095 805 1174 845 nisi
1207 803 1326 845 verbi
1358 804 1573 844 actionem
1590 815 1677 844 non

179 875 432 917 determinet
462 886 601 926 neque
633 874 807 914 omnino
839 873 893 914 ad
924 874 1159 914 accusativi
1191 886 1315 913 usum
1348 873 1498 913 valeat.

315 946 533 984 concedere
572 942 668 983 vide
698 955 735 994 p.
772 943 829 983 16.
865 966 915 970 —-
948 944 1123 982 conflare
1155 941 1249 982 vide
1281 954 1318 993 p.
1351 942 1418 981 Ξῖ.
1450 964 1502 969 -
1534 952 1677 991 conge—

179 1025 288 1053 mere
318 1012 413 1052 vide
444 1024 481 1063 p.
514 1012 578 1051 ⁴22.
612 1035 663 1039 —-
695 1023 884 1051 corruere
916 1010 1011 1051 vide
1043 1023 1080 1062 p.
1117 1011 1179 1051 19.
1214 1034 1266 1039 -—
1294 1012 1561 1050 conscendere
1583 1008 1676 1048 vide

179 1096 216 1135 p.
247 1083 312 1123 20.
346 1106 397 1110 —
430 1092 691 1120 consuescere
723 1079 816 1119 vide
848 1092 884 1131 p.
916 1081 981 1120 21.

322 1153 536 1189 decurrere
568 1148 661 1188 vide
694 1161 729 1200 p.
761 1150 823 1189 16.
847 1172 898 1176 -—
932 1150 1079 1187 deflere
1110 1146 1204 1187 vide
1237 1159 1274 1198 p.
1306 1146 1370 1187 22.

316 1219 464 1258 efflare
500 1216 594 1256 vide
626 1229 662 1268 p.
695 1217 760 1258 27.
794 1240 846 1244 —
878 1217 1072 1256 exhalare
1103 1215 1198 1255 vide
1230 1227 1266 1267 p.
1300 1215 1366 1256 26.
1387 1215 1567 1253 —exire
1584 1212 1677 1252 vide

181 1300 219 1339 p.
263 1287 323 1326 17.
357 1309 406 1314 -—
441 1288 656 1325 escendere
691 1284 786 1325 vide
826 1297 863 1336 p.
897 1285 961 1325 20.
996 1307 1047 1312 —
1080 1284 1290 1334 exspirare
1321 1282 1415 1322 vide
1448 1294 1484 1334 p.
1517 1282 1582 1322 26.

314 1357 559 1405 praecedere
591 1352 684 1393 vide
716 1365 753 1404 p.
791 1353 851 1392 16.
882 1376 937 1379 —
968 1364 1235 1403 praecurrere
1266 1351 1361 1391 vide
1393 1363 1429 1402 p.
1466 1352 1526 1391 16.

315 1427 524 1473 praestare
548 1422 592 1473 1).
638 1420 686 1460 III
733 1422 815 1462 214
862 1433 975 1459 memus
1022 1418 1188 1460 ommia
1230 1420 1454 1470 liraextat:
1500 1417 1553 1458 lV
1602 1417 1679 1458 153

180 1503 328 1541 (sturm.
366 1488 567 1530 meminit
597 1489 710 1529 levor
734 1490 968 1540 praestare
999 1487 1230 1527 salntem.
1292 1486 1467 1527 Praeter
1498 1497 1678 1526 accusa-

180 1558 313 1598 tivum
360 1557 515 1598 obiecti
561 1557 667 1598 alter
712 1556 984 1597 accusativus
1030 1555 1316 1607 praedicative
1362 1554 1590 1606 apponitur
1630 1552 1679 1593 ΙΙΙ

181 1628 275 1675 219,
323 1626 375 1666 de
423 1638 506 1678 quo
553 1626 648 1666 loco
695 1630 845 1677 postea
891 1637 1029 1676 agam.
1093 1623 1360 1664 intransitive
1407 1635 1502 1662 cum
1537 1622 1678 1662 dativo

181 1695 451 1746 coniungitur
497 1694 511 1734 Ι
557 1694 656 1735 208;
703 1693 796 1740 358.
831 1693 881 1733 de
915 1692 1068 1745 quibus
1100 1692 1203 1732 locis
1235 1691 1313 1731 sub
1346 1691 1488 1731 dativo
1521 1690 1676 1739 videas,

182 1763 296 1803 nullo
343 1775 446 1803 casu
492 1762 635 1803 addito
682 1762 866 1814 ponitur:
915 1760 963 1800 ΙΙΙ
1008 1761 1090 1801 429
1138 1759 1225 1799 ium
1274 1759 1398 1812 Ioum
1447 1757 1679 1798 mobilitate

181 1831 272 1872 Pru
280 1833 366 1872 csfa
375 1834 389 1869 1⁴
393 1864 399 1871 .

691 1920 727 1954 b.
777 1919 910 1953 Verba
934 1918 1166 1952 transitiva.

320 2001 532 2054 Sequitur,
580 2007 625 2041 ut
671 2001 722 2041 de
768 2001 816 2040 iis
862 1998 1002 2040 verbis
1044 2011 1234 2050 agamus,
1268 2009 1389 2050 quae,
1426 2009 1523 2037 cum
1556 1996 1680 2046 vulgo

182 2070 404 2112 transitive
456 2070 751 2111 accusativum
802 2068 956 2109 obiecti
1002 2067 1080 2107 sibi
1126 2067 1366 2117 adsumant,
1414 2064 1680 2105 intransitivo

185 2152 314 2180 sensu
347 2151 372 2179 a
403 2137 680 2191 scriptoribus
704 2137 843 2178 latinis
875 2136 1085 2177 interdum
1105 2139 1371 2187 usurpentur.
1418 2133 1536 2184 Quae
1553 2131 1683 2173 verba

185 2220 269 2259 quo
317 2207 445 2248 modo
484 2207 596 2259 apud
628 2207 868 2247 Lucretium
902 2205 1041 2257 posita
1073 2205 1167 2255 sint,
1203 2216 1298 2244 cum
1332 2202 1385 2243 ab
1417 2202 1582 2242 Holtzio
1614 2212 1684 2252 pa-

185 2289 280 2316 rum
327 2276 507 2317 dilucide
541 2276 591 2316 sit
624 2276 964 2316 demonstratum
999 2274 1098 2325 (Lin.
1133 2286 1170 2325 p.
1210 2273 1286 2313 118
1320 2272 1441 2324 sqq),
1478 2270 1683 2310 Meissner

185 2357 221 2396 p.
268 2346 323 2386 52
370 2357 459 2396 sqq.
506 2343 639 2384 fusius
686 2355 812 2395 quam
847 2343 1001 2383 clarius
1033 2341 1224 2393 explicat.
1286 2339 1365 2390 Qui
1398 2338 1565 2391 quidem
1599 2337 1683 2389 pri-

186 2426 303 2453 mum
349 2418 390 2458 a)
440 2412 490 2452 de
536 2412 584 2452 iis
616 2411 755 2452 verbis
786 2410 1017 2451 transitivis
1051 2409 1148 2460 agit,
1183 2419 1304 2460 quae,
1340 2420 1435 2448 cum
1471 2405 1683 2446 accusati-

186 2494 286 2521 vum
318 2493 405 2521 non
436 2480 666 2532 requirant,
700 2491 798 2520 vere
831 2478 1027 2519 absoluta
1060 2477 1098 2516 vi
1131 2476 1339 2526 dicantur,
1375 2474 1525 2515 deinde
1557 2472 1599 2527 b)
1633 2473 1684 2513 de

322 2628 348 2669 ¹)
388 2626 449 2659 Cfr
484 2626 750 2659 Hei-mannus
778 2625 915 2658 liothe
948 2624 1062 2658 Ueber
1090 2622 1146 2655 die
1172 2622 1368 2664 Ableitung
1394 2631 1461 2653 von
1487 2627 1682 2662 praestare.

188 2683 295 2717 Arch.
320 2683 387 2715 VII
415 2694 446 2724 p.
475 2683 549 2715 114.
