1833 3048
962 49 1008 82 14

333 182 466 229 Neque
497 183 658 218 alienum
690 191 712 216 a
742 191 782 217 re
803 180 989 217 videbitur
1036 178 1106 215 hoc
1145 179 1226 215 loco
1256 179 1389 216 leviter
1418 178 1618 226 attingere,
1647 189 1739 225 quo-

226 249 334 286 modo
364 249 514 285 omnino
534 248 657 284 Varro
689 248 726 283 in
760 246 973 292 veriloquiis
1004 244 1203 281 verborum
1236 243 1438 282 afferendis
1470 244 1643 281 infinitivi
1672 255 1739 282 no-

225 316 364 352 tionem
394 315 637 361 expresserit.
668 313 723 350 Ac
762 313 926 359 primum
965 311 1116 358 quidem
1159 312 1197 346 in
1241 321 1285 347 eo
1325 311 1465 356 aliquid
1504 310 1736 356 offendimus,

231 381 328 428 quod
360 380 568 417 Varronem
599 379 824 426 aliquotiens
851 377 1075 414 infinitivum
1115 378 1238 423 ipsum
1276 387 1358 413 cum
1396 377 1676 422 praepositione
1715 388 1740 411 a

230 447 469 483 coniunctum
499 446 547 482 ad
577 444 776 482 verborum
816 445 981 490 origines
1021 443 1262 490 explicandas
1293 442 1490 479 admisisse
1520 446 1623 479 certo
1653 453 1742 479 con-

230 516 322 561 stat,
353 513 454 562 velut
485 512 530 549 L.
561 512 607 548 L.
630 511 692 556 VI,
725 512 775 547 75
797 505 973 547 'omnium
993 511 1092 546 enim
1112 509 1244 546 horum
1274 508 1362 555 quid
1392 520 1418 543 a
1438 502 1605 550 canere,
1635 509 1679 545 L.
1697 509 1741 545 L.

230 578 295 623 VI,
329 580 377 615 79
408 572 614 625 'acquirere
645 581 703 614 est
732 573 783 613 ab
814 571 875 613 ad
901 580 937 613 et
966 569 1185 625 quaerere,
1216 575 1260 611 L.
1283 575 1326 611 L.
1357 575 1443 617 VII,
1478 575 1552 612 108
1584 569 1745 611 ‘sarrare

233 640 283 680 ab
313 655 452 680 serare
483 637 644 689 dictum’,
676 643 721 680 L.
753 643 795 680 L.
826 641 890 684 VI,
922 643 970 678 79
998 637 1158 679 'Dicitur
1178 641 1304 677 lucere
1339 636 1391 676 ab
1422 635 1554 676 luere:
1584 641 1630 677 ab
1660 640 1744 677 luce

234 711 488 747 dissolvuntur
517 704 721 746 tenebrae’.
753 704 938 753 (Varroni
966 708 1091 745 verbis
1120 706 1247 744 luendi
1276 710 1313 743 et
1345 706 1515 744 solvendi
1544 706 1642 743 idem
1670 707 1745 753 sig-

234 776 380 814 nificari
408 776 526 813 videri
556 780 714 822 apparet
744 786 789 812 ex
818 778 889 812 sat.
931 774 976 811 fr.
1021 776 1093 811 100
1133 773 1199 819 (R.
1244 774 1330 819 120,
1372 774 1416 818 4)
1460 767 1645 819 'quoniam
1689 776 1747 809 est

236 844 339 880 luere
369 836 556 886 solvere').

346 909 442 945 Tum
473 908 536 944 alii
570 907 739 943 nonnulli
769 907 841 943 loci
870 906 943 943 huc
973 910 1158 952 spectant,
1189 907 1227 943 in
1257 906 1389 953 quibus
1419 915 1640 951 quamquam
1670 903 1748 942 for-

239 985 337 1011 mam
367 972 541 1010 infinitivi
587 973 718 1011 eodem
749 973 858 1010 modo
899 984 970 1019 quo
1000 975 1037 1009 in
1066 974 1110 1010 iis
1138 984 1231 1019 quae
1264 971 1376 1009 modo
1406 972 1516 1008 attuli
1553 971 1745 1017 exemplis,

241 1051 323 1077 oum
353 1040 634 1086 praepositione
667 1040 840 1086 coniungi
870 1041 1034 1084 potuisse
1074 1039 1185 1076 facile
1214 1039 1392 1083 concedo,
1422 1037 1584 1075 fortasse
1621 1041 1747 1074 tamen

240 1108 477 1144 librariorum
519 1106 629 1152 culpa
658 1106 821 1142 Varroni
858 1105 953 1142 hanc
982 1107 1170 1143 insolitam
1207 1104 1407 1142 verborum
1437 1104 1749 1141 constructionem

240 1174 466 1210 inculcatam
513 1182 595 1209 esse
641 1173 825 1218 suspicari
862 1172 969 1214 licet,
1009 1173 1111 1209 velut
1148 1173 1192 1210 L.
1231 1172 1275 1208 L.
1317 1171 1379 1215 VI,
1423 1171 1473 1206 50
1514 1164 1696 1207 ‘maerere
1725 1182 1767 1206 a-

242 1233 446 1283 marcere,
478 1239 540 1275 ubi
571 1249 640 1284 pro
670 1232 858 1274 'marcere'
889 1238 1075 1275 levissima
1105 1239 1313 1274 mutatione
1341 1247 1524 1273 marcore
1552 1236 1752 1273 scribitur:

244 1307 289 1343 L.
321 1305 362 1342 L.
400 1304 482 1350 VII,
514 1306 565 1342 80
602 1299 664 1340 'ab
696 1301 875 1354 recipere
911 1305 1150 1350 reciprocare
1180 1298 1330 1349 fictum,
1361 1303 1424 1340 ubi
1454 1314 1522 1350 pro
1563 1297 1750 1349 'recipere'

242 1370 402 1408 fortasse
432 1364 645 1416 ‘reciproca'
678 1370 953 1407 restituendum
984 1381 1076 1415 esse,
1105 1371 1219 1407 verba
1249 1381 1342 1416 quae
1363 1370 1594 1416 praecedunt
1623 1363 1752 1407 “Reci-

243 1448 359 1483 proca
388 1435 545 1473 tendens
574 1448 689 1473 nervo
720 1437 855 1483 equino
876 1436 1025 1474 concita
1055 1431 1167 1473 Tela”
1196 1431 1401 1483 'reciproca
1429 1439 1487 1473 est
1512 1446 1623 1482 quom
1653 1435 1753 1471 unde

246 1503 335 1549 quid
363 1501 585 1550 profectum,
625 1502 724 1539 redit-
754 1514 809 1540 eo.
841 1499 905 1538 Ab
935 1500 1116 1553 recipere
1146 1497 1226 1539 etos
1256 1503 1430 1539 videntur
1460 1501 1637 1548 probare.

356 1567 463 1604 Alius
494 1567 557 1613 qui
585 1568 725 1614 legitur
763 1568 863 1604 locus
901 1567 944 1603 L.
976 1567 1019 1603 L.
1057 1567 1100 1603 V.
1144 1569 1192 1603 83
1233 1560 1456 1614 Pontifices,
1495 1572 1535 1605 ut
1575 1569 1756 1606 Scaevola

249 1634 407 1680 Quintus
439 1632 600 1678 dicebat,
634 1646 659 1669 a
684 1644 802 1683 posse
834 1638 871 1670 et
899 1629 1039 1678 facere
1081 1637 1121 1669 ut
1149 1630 1327 1680 potifices’
1368 1638 1497 1671 nostra
1539 1636 1756 1681 quaestione

248 1711 324 1736 non
353 1701 582 1744 continetur,
615 1711 697 1736 cum
727 1699 849 1736 Varro
879 1700 996 1745 ipsius
1027 1699 1228 1736 Scaevolae
1258 1700 1381 1738 verbis
1410 1701 1464 1737 uti
1499 1701 1682 1738 videatur.

360 1764 501 1803 Contra
544 1766 581 1801 in
620 1766 756 1802 ceteris
803 1766 865 1811 qui
914 1765 986 1802 huc
1026 1769 1196 1810 spectant
1234 1767 1326 1803 locis
1371 1766 1491 1803 Varro
1532 1766 1755 1803 infinitivum

249 1835 315 1868 aut
346 1830 528 1878 gerundio
559 1835 625 1868 aut
661 1830 905 1869 substantivis
934 1831 1151 1869 verbalibus
1189 1834 1347 1870 circuire
1384 1833 1490 1878 solet,
1528 1833 1581 1870 ita
1617 1836 1756 1873 tamen.

250 1900 292 1933 ut
321 1897 415 1934 illud
444 1897 562 1933 multo
592 1898 742 1943 saepius
772 1897 953 1934 adhibeat
989 1899 1090 1935 velut
1118 1899 1162 1935 L.
1194 1899 1237 1936 L.
1268 1899 1312 1944 V.
1351 1900 1397 1935 18
1427 1894 1583 1935 caelum
1614 1911 1640 1935 α
1670 1910 1757 1936 cae-

252 1959 397 2009 laudm
431 1962 474 2002 V.
509 1964 558 2000 36
591 1975 617 1999 a
647 1960 809 2001 colendo
839 1960 968 2010 collis;
1011 1964 1075 2005 VI.
1112 1967 1160 2002 43
1197 1962 1376 2016 coyitare
1407 1978 1433 2001 a
1465 1960 1641 2016 coyendo
1672 1969 1758 2010 etc..

254 2039 326 2075 qua
372 2029 520 2065 ratione
569 2028 648 2066 fere
688 2031 855 2067 centiens
913 2030 1051 2067 viciens
1090 2031 1313 2077 quinquiens
1351 2031 1526 2068 infinitivi
1566 2032 1758 2069 notionem

253 2096 450 2141 expressit.

364 2161 457 2196 Tum
487 2162 586 2198 inter
615 2161 849 2199 substantiva
888 2162 1054 2200 verbalia
1097 2174 1165 2209 pro
1212 2163 1397 2200 infinitivo
1441 2165 1563 2210 posita
1599 2165 1761 2211 primum

254 2227 380 2263 locum
415 2226 588 2264 obtinent
618 2239 674 2271 ea.
711 2238 806 2273 quae
846 2229 884 2263 in
916 2232 996 2263 -tus
1024 2234 1177 2272 exeunt,
1217 2230 1317 2266 velut
1347 2231 1390 2267 L.
1419 2230 1463 2266 L.
1495 2231 1539 2276 V,
1572 2230 1622 2266 37
1652 2241 1764 2281 seyes

256 2288 308 2328 ab
338 2296 453 2339 satu3
484 2294 528 2339 V,
566 2296 638 2331 138
670 2290 821 2330 vallum
852 2305 878 2330 a
909 2289 1045 2330 volatu
1081 2297 1166 2340 etc„
1207 2306 1366 2341 quorum
1397 2298 1546 2334 omnino
1575 2295 1644 2333 XL
1675 2296 1765 2333 mihi

258 2359 418 2396 enotavi.

368 2425 517 2463 Deinde
547 2425 780 2463 substantiva
809 2425 985 2463 feminina
1012 2427 1049 2462 in
1082 2424 1200 2462 —tz'on-
1229 2428 1404 2465 cadentia
1434 2428 1660 2466 duodeciens
1686 2427 1766 2466 fere

258 2492 297 2527 in
326 2490 500 2528 infinitivi
546 2492 668 2529 Iocum
696 2495 977 2536 successerunt,
1017 2492 1120 2528 velut
1150 2493 1194 2530 L.
1225 2494 1269 2530 L.
1301 2495 1345 2539 V,
1378 2496 1429 2530 20
1460 2490 1614 2531 caelum
1643 2507 1670 2532 a
1699 2506 1766 2531 ca-

260 2553 432 2603 vatione,
463 2556 546 2603 VH,
581 2558 629 2593 52
669 2569 695 2593 α
738 2553 957 2608 stipatione
986 2555 1201 2608 stipatores
1240 2563 1311 2597 etc.

374 2623 528 2660 Sexiens
558 2622 680 2659 Varro
709 2623 763 2658 ita
792 2623 918 2669 posuit
948 2622 1184 2661 substantiva
1211 2626 1249 2661 in
1273 2636 1337 2661 -or
1356 2626 1566 2664 desinentia
1593 2638 1662 2674 pro
1680 2627 1767 2664 infi-

263 2688 386 2725 nitivis
417 2689 618 2726 verborum
651 2688 835 2726 secundae
867 2699 977 2735 quam
1000 2689 1155 2726 dicimus
1171 2691 1457 2738 coniugationis,
1480 2692 1584 2729 velut
1598 2693 1642 2730 L.
1659 2693 1703 2729 L.
1720 2693 1765 2739 V,
