1787 3043
203 77 253 116 14

141 200 435 241 accusativum
482 200 621 251 supini
667 200 780 252 apud
826 201 1068 242 Lucretium
1100 213 1339 252 occurrere,
1373 214 1633 254 quamquam

142 268 196 309 ab
229 267 478 320 aequalibus
509 269 599 308 eius
629 268 743 309 nullo
777 269 904 309 modo
937 270 1129 310 evitatur.
1190 270 1311 320 Quod
1344 270 1397 310 ad
1428 270 1541 311 hunc
1573 270 1634 311 lo-

142 350 240 377 cum
287 337 436 376 attinet
474 336 487 376 I
529 337 609 377 795
655 336 863 386 quoniam
911 350 1023 388 qnae
1047 338 1186 389 prodo
1221 337 1413 377 (lisinam
1445 340 1546 379 (intr
1576 337 1632 379 In

143 407 449 445 commutatam
494 403 689 455 amiam,
723 417 849 456 quem
883 405 1019 446 adfert
1049 405 1248 447 Kuehner
1278 406 1310 446 ΙΙ
1347 410 1359 446 1
1397 419 1433 458 p.
1464 408 1559 454 540,
1590 411 1635 447 ut

143 473 482 525 praepositiones
515 485 609 512 cum
644 472 781 524 supini
813 485 984 525 quoque
1016 473 1162 514 formis
1194 474 1392 526 coniungi
1423 475 1634 523 ostendat,

142 541 293 581 Munro
325 541 366 580 in
399 541 717 581 commentariis
749 541 803 582 ad
835 541 871 582 h.
905 542 927 582 l.
962 543 1147 594 itemque
1179 541 1372 582 Wolffius
1395 555 1430 594 p.
1454 544 1507 583 25
1529 555 1635 582 rom-

142 611 351 650 ‹niz‹†‹1†2‹s.
399 609 512 661 quod
559 608 677 659 ἅπαξ
721 610 953 664 λεγο’,υω«ω’
999 623 1092 651 esse
1140 615 1321 662 constat,
1354 611 1464 651 idem
1496 611 1637 651 valere

143 678 300 718 docent
346 682 474 729 atque
518 677 806 729 commutatio,
840 692 935 719 cum
969 679 1188 719 Lucretius
1220 680 1430 731 permulta
1461 683 1637 731 quartae

143 746 438 786 declinationis
482 745 693 786 vocabula
738 746 779 785 in
821 760 910 786 -ns
957 747 1193 787 desinentia
1238 760 1314 799 pro
1362 746 1637 787 substantivis

143 815 185 854 in
218 813 294 854 -2'0
327 813 579 854 exeuntibus
610 819 795 866 usurpet.
851 814 936 855 Sed
969 815 1116 855 eadem
1148 828 1216 856 res
1249 820 1323 866 est,
1357 827 1495 868 neque
1527 815 1636 856 enim

143 883 295 934 supina
327 887 368 922 et
400 881 666 923 substantiva
697 883 878 923 actionis
910 888 1024 924 recte
1056 883 1252 924 videntur
1283 884 1474 924 discerni.

579 1032 606 1085 ξ
639 1027 674 1071 7.
734 1030 1012 1072 Accusativus
1043 1031 1209 1072 obiecti.

348 1132 376 1164 1.
427 1131 483 1164 De
510 1131 666 1175 origine
693 1133 816 1175 atque
842 1134 992 1166 natura
1023 1133 1248 1166 accusativi
1275 1132 1436 1166 obiecti.

282 1222 538 1275 Saepissime
585 1224 857 1264 accusativus
903 1225 945 1264 in
976 1224 1126 1276 linguis
1158 1224 1515 1275 indogermanicis
1547 1237 1641 1265 ver-

144 1291 208 1331 bis
249 1292 487 1343 apponitur⁷
521 1297 565 1332 ut
596 1305 824 1344 personam
859 1293 923 1332 vel
954 1306 1043 1333 rem
1078 1293 1244 1343 indicet,
1279 1305 1390 1345 quae
1421 1292 1538 1334 verbi
1569 1305 1641 1334 ac—

145 1360 260 1400 tione
292 1361 483 1412 proxime
514 1362 710 1413 tangitur.
756 1361 903 1414 Neque
936 1363 1061 1403 certis
1093 1366 1259 1403 tantum
1291 1361 1431 1402 verbis
1462 1374 1642 1403 accusa-

144 1428 277 1467 tivum
309 1428 479 1480 adiungi
512 1429 772 1470 contendere
804 1430 912 1481 licet,
947 1442 1042 1470 cum
1077 1430 1222 1470 omnia
1253 1429 1338 1470 fere
1369 1429 1512 1480 verba,
1538 1441 1642 1482 qua-

145 1495 358 1548 licumque
390 1501 489 1537 sunt
520 1498 558 1537 vi
592 1501 630 1537 et
664 1497 816 1548 indole,
849 1498 1142 1539 accusativum
1176 1497 1253 1538 sibi
1285 1497 1526 1538 adsciscere
1544 1510 1642 1550 pos—

144 1564 238 1604 sint.
300 1563 439 1614 Quare
472 1578 496 1606 a
527 1578 627 1606 vera
673 1566 837 1607 ratione
882 1567 1087 1607 recedunt
1133 1566 1199 1617 illi‚
1234 1565 1384 1618 quibus
1417 1566 1643 1606 discrimen

144 1633 254 1673 inter
298 1633 430 1674 verba
475 1634 742 1675 intransitiva
775 1640 815 1675 et
846 1635 1069 1675 transitiva
1099 1635 1157 1675 ita
1189 1634 1460 1686 interponere
1491 1634 1642 1686 placet,

147 1705 192 1740 ut
232 1701 524 1742 accusativum
570 1703 645 1743 illis
677 1703 831 1755 respui,
864 1703 928 1743 his
961 1702 1142 1744 adscribi
1175 1707 1334 1754 putent.
1394 1702 1503 1742 Nam
1535 1714 1643 1754 quae

147 1768 279 1809 verba
326 1771 545 1811 transitiva
592 1783 686 1812 esse
732 1771 941 1822 dicuntur,
975 1784 1026 1812 ea
1056 1783 1262 1823 persaepe
1294 1770 1488 1811 absolute
1521 1783 1644 1810 usur—

147 1837 248 1888 pari.
298 1843 449 1878 contra
494 1839 763 1880 intransitiva
809 1852 905 1880 cum
953 1840 1199 1880 accusativo
1238 1839 1437 1890 coniungi
1468 1850 1644 1879 necesse

147 1910 212 1945 est
259 1906 662 1948 animadvertamus.
724 1907 863 1959 Atque
911 1908 1161 1948 exstiterunt
1208 1908 1277 1960 qui
1310 1907 1645 1959 unumquodque

147 1973 339 2024 verbum,
387 1988 485 2015 cum
531 1976 743 2016 actionem
794 1988 868 2028 per
899 1988 944 2016 se
976 1976 1210 2028 perfectam
1244 1980 1372 2027 atque
1405 1974 1645 2015 absolutam

150 2043 370 2094 exprimat7
419 2043 695 2095 intransitive,
745 2057 840 2084 cum
882 2045 994 2085 actio
1027 2045 1260 2085 accusativi
1293 2044 1646 2084 determinatione

147 2115 283 2162 egeat¹7
318 2111 537 2151 transitive
570 2113 764 2164 usurpari
796 2125 922 2164 posse
957 2113 1099 2153 dicant
1118 2112 1161 2166 ¹).
1209 2112 1477 2164 Quamquam
1506 2112 1647 2152 multis

148 2179 289 2219 causis
337 2178 494 2219 factum
531 2192 636 2231 esse7
670 2185 714 2221 ut
747 2181 827 2221 alia
859 2180 990 2221 verba
1021 2181 1345 2231 intransitivam,
1379 2181 1461 2221 alia
1492 2181 1645 2221 transi—

148 2247 278 2287 tivam
324 2248 591 2299 potissimum
639 2253 836 2289 naturam
884 2250 1139 2301 acceperinn
1184 2250 1265 2289 alia
1312 2253 1353 2289 et.
1382 2249 1646 2290 intransitive

149 2319 191 2355 et
222 2315 441 2355 transitive
474 2321 678 2368 usurpata
710 2317 805 2368 sint,
838 2321 954 2358 recte
986 2317 1174 2357 animum
1207 2317 1445 2357 advertunt.

286 2474 312 2513 ¹)
350 2473 590 2506 Transitivam
631 2474 930 2517 significationem
969 2475 1157 2507 verborum
1197 2485 1238 2507 cx
1277 2475 1506 2508 intransitiva
1532 2479 1646 2507 ortam

148 2539 236 2562 esse.
263 2539 339 2561 cuni
368 2530 593 2563 accusativus
621 2530 727 2563 locali
761 2531 904 2564 notione
931 2531 1048 2564 verbis
1077 2532 1302 2565 intransitive
1328 2531 1510 2573 usurpatis
1541 2541 1647 2573 appo-

148 2587 238 2617 situs
266 2585 322 2617 sit.
350 2591 445 2618 recte
471 2585 574 2620 docet
602 2587 802 2620 Brealius
830 2587 851 2619 l.
880 2587 900 2619 l.
928 2591 952 2619 t.
979 2598 1009 2620 a.
1038 2587 1135 2626 1395,
1164 2598 1197 2629 p.
1225 2588 1288 2619 2813
1317 2598 1367 2629 sq.
