1833 3048
899 95 991 151 .7O

481 228 574 272 DE
609 227 1001 273 VOCABULIS
1042 228 1471 275 COMPOSITIS.

904 348 924 397 ς
957 352 1020 388 30.

329 427 583 465 Exordiamur
613 427 686 465 hoc
715 429 753 464 in
775 428 1043 467 vocabulorum
1074 440 1213 477 genere
1244 430 1413 467 breviter
1436 431 1661 478 explicando
1690 431 1738 468 ab

220 496 264 532 iis
294 493 417 532 verbis
448 494 675 541 compositis,
715 506 875 541 quorum
913 496 1018 541 prior
1047 506 1136 542 pars
1167 500 1224 533 est
1263 497 1510 543 praepositio.
1572 496 1676 542 Quae
1705 498 1736 533 si

219 560 521 608 perlustraveris,
563 562 689 598 omnia
718 559 798 599 fere
827 573 901 600 non
932 562 1054 599 minus
1094 573 1204 609 quam
1246 562 1342 599 illud
1374 562 1738 609 frequentativorum

222 637 340 673 genus
376 627 451 662 vim
488 637 591 663 suam
627 628 821 673 propriam
862 638 1032 665 servasse
1077 628 1291 674 miraberis,
1332 639 1414 666 cum
1454 630 1666 667 Varronem
1702 629 1741 666 in

222 692 423 729 verborum
454 693 641 730 electione
680 697 717 730 et
756 705 826 731 usu
866 694 1029 732 libenter
1059 694 1106 731 ad
1136 695 1296 740 priseos,
1344 696 1404 741 qui
1445 695 1666 742 saepissime
1706 695 1742 731 vi

225 759 505 805 compositionis
535 761 710 807 neglecta
731 762 941 808 composita
956 773 1025 808 pro
1048 762 1278 808 simplicibus
1307 762 1430 799 verbis
1458 765 1656 808 ponerent,
1686 763 1742 799 in-

172 874 175 875 ?
225 825 386 863 clinasse
409 829 567 863 constet.
615 826 657 862 In
689 826 745 862 his
776 826 892 873 igitur
920 828 1040 874 magis
1073 829 1248 864 convenit
1271 828 1437 865 Varroni
1458 840 1541 865 cum
1564 827 1745 865 Cicerone

224 896 262 929 et
300 893 548 939 elegantior-Is
590 893 775 930 orationis
816 894 1007 939 studiosis,
1065 896 1127 941 qui
1167 905 1395 941 quamquam
1437 894 1507 941 ipsi
1551 894 1745 932 interdum

224 958 344 995 verba
388 959 575 1005 simplicia
623 963 659 996 et
709 960 918 1006 composita
965 961 1179 1006 promiscue
1232 960 1497 1007 adhibuerunt,
1538 960 1576 998 id
1617 964 1744 998 tamen

226 1025 400 1072 agebant,
441 1029 483 1062 ut
521 1026 674 1062 dubium
706 1031 743 1064 et
782 1027 965 1064 incertum
1005 1026 1204 1064 verborum
1244 1039 1350 1064 usum
1389 1029 1508 1075 magis
1549 1028 1743 1074 magisque

226 1091 440 1128 stabilirent
458 1097 495 1128 et
511 1092 781 1129 abundant-iam
795 1103 1109 1139 supervacaneam
1127 1098 1163 1130 et
1174 1094 1345 1130 inutilem
1358 1098 1587 1131 amoverent.
1618 1093 1743 1139 Atque

228 1157 439 1194 Varronem
467 1157 555 1195 huic
583 1159 707 1195 studio
738 1160 863 1205 aliqua
893 1170 937 1195 ex
967 1162 1076 1205 parte
1107 1158 1242 1196 favisse
1265 1170 1307 1196 eo
1335 1158 1509 1205 efficitur,
1541 1159 1640 1206 quod
1661 1170 1744 1196 ver-

227 1223 360 1260 borum
392 1225 698 1270 compositorum,
730 1236 825 1271 quae
847 1226 900 1262 ita
920 1228 1162 1271 usurpantur,
1184 1230 1226 1262 ut
1246 1226 1283 1261 in
1306 1226 1529 1272 simplicium
1547 1225 1747 1263 verborum

232 1290 425 1326 notionem
447 1290 646 1327 transiisse
668 1291 880 1333 videantur,
903 1302 1092 1338 perpauca
1105 1293 1143 1329 in
1165 1294 1244 1329 eius
1263 1292 1368 1329 libris
1389 1296 1605 1337 occurrunt,
1628 1293 1745 1329 velut:

230 1365 495 1405 compascere.
529 1352 831 1408 conquadrare.
867 1353 1193 1408 (eondvtplz‘ecm‘e,
1234 1358 1332 1405 quod
1370 1359 1510 1406 legitur
1548 1357 1593 1394 R.
1621 1359 1666 1396 R.
1697 1358 1746 1404 II,

231 1424 266 1463 4,
293 1423 353 1467 15,
377 1418 474 1459 Keil
494 1423 639 1460 observ.
663 1425 745 1460 crit.
765 1436 800 1471 p.
821 1426 869 1461 64
892 1436 937 1461 ex
955 1424 1125 1463 codicum
1142 1426 1323 1472 vestigiis,
1347 1427 1409 1471 qui
1424 1425 1603 1462 exhibent
1622 1414 1748 1471 ¹quod-

230 1500 301 1535 que
332 1500 415 1526 cum
446 1485 697 1536 depublicant'
727 1491 941 1528 emendavit
971 1493 1043 1528 sic:
1076 1486 1187 1538 ‘quod
1215 1491 1367 1538 quidam
1389 1484 1626 1537 duplicant),
1657 1501 1749 1526 con-

230 1550 447 1601 tremulus,
492 1567 808 1607 eonyermanus,
855 1553 1168 1608 adsiymficccre,
1217 1568 1312 1604 quae
1369 1569 1436 1594 suo
1491 1558 1574 1594 loco
1619 1557 1749 1603 paucis

233 1621 443 1658 illustrabo.

233 1682 472 1737 *adsi-iare:
518 1689 563 1726 R.
587 1689 632 1725 R.
668 1689 694 1735 Ι,
720 1691 783 1732 57,
810 1693 825 1725 1
869 1683 973 1727 ‘Item
999 1690 1096 1727 alius
1127 1690 1228 1727 aliud
1258 1688 1396 1727 adfriat
1425 1693 1492 1726 aut
1534 1685 1750 1736 adspergit',
1783 1678 1786 1680 ¹

315 1754 452 1801 quibus
481 1756 518 1791 in
539 1755 663 1793 verbis
693 1757 817 1794 nescio
840 1767 887 1793 an
904 1760 1006 1793 recte
1036 1751 1214 1792 Ursinus
1243 1749 1321 1793 'aut
1352 1749 1557 1802 adspergit⁷
1591 1756 1752 1802 glossam

319 1821 367 1858 ad
396 1822 550 1859 verbum
584 1810 745 1860 ‘adfriat'
774 1824 1004 1870 adscriptam
1036 1833 1118 1860 esse
1148 1823 1356 1868 suspicatus
1385 1822 1444 1858 sit.

240 1883 464 1925 *ado-uere:
497 1890 542 1926 R.
567 1889 613 1926 R.
636 1890 664 1934 I,
689 1891 751 1934 35.
781 1893 795 1925 1
825 1886 986 1926 ‘necesse
1017 1893 1072 1925 est
1102 1893 1206 1925 terra
1233 1888 1430 1925 adruenda
1461 1888 1630 1934 pulvinos
1649 1880 1756 1931 fieri',

323 1956 422 2002 quod
462 1955 619 1992 verbum
656 1957 747 1992 item
788 1960 826 1992 ut
870 1955 1060 1992 interdum
1107 1954 1267 2000 simplex
1311 1966 1343 1990 v.
1389 1954 1523 1991 ruendi
1562 1953 1756 1990 notionem

320 2023 557 2059 transitivam
587 2023 719 2060 induit.
778 2023 901 2060 Gloss.
932 2021 1051 2059 Labb.
1082 2016 1214 2058 ‘aclruo
1246 2014 1533 2072 champagnei.

239 2085 367 2124 *actui
396 2089 455 2125 vel
486 2086 658 2125 almeri:
695 2088 736 2124 L.
770 2088 813 2125 L.
844 2088 928 2133 VH,
955 2089 988 2123 7.
1019 2082 1217 2133 ‘Quocirca
1260 2087 1418 2131 caelum,
1460 2097 1535 2132 qua
1577 2085 1758 2122 attuimur

323 2155 464 2192 dictum
485 2146 676 2201 templum'
698 2159 737 2192 et·
766 2155 865 2192 idem
886 2152 1043 2191 verbum
1066 2148 1240 2189 leceller
1260 2152 1332 2188 hoc
1356 2152 1438 2188 1000
1460 2152 1569 2188 nixus
1589 2150 1760 2187 restituit

324 2222 366 2258 L.
396 2220 440 2258 L.
474 2220 557 2266 VII,
585 2224 630 2257 11
670 2210 816 2264 ‘(tescal
857 2231 976 2266 neque
1006 2220 1091 2256 ideo
1128 2219 1225 2266 quod
1257 2222 1403 2260 sancta,
1447 2217 1513 2254 sed
1553 2216 1664 2264 quod,
1696 2216 1760 2252 ubi

323 2288 507 2335 mysteria
548 2287 657 2332 fiunt,
699 2291 917 2331 atterentur,
957 2290 1088 2323 tuesca
1116 2285 1218 2322 dicta
1256 2295 1306 2321 sc.
1347 2277 1444 2320 sunt'
1485 2293 1553 2329 pro
1591 2282 1760 2319 codicum

320 2352 407 2390 ‘ant
438 2343 623 2390 tuentem-³.
664 2352 738 2390 Sed
760 2354 872 2391 lectio
902 2353 1085 2390 codicum.
1119 2363 1203 2388 cum
1234 2361 1304 2396 per
1324 2361 1362 2387 se
1391 2352 1477 2397 ipsa
1506 2350 1562 2386 ita
1591 2348 1761 2395 intellegi

324 2421 455 2467 possit,
498 2422 539 2456 ut
579 2411 653 2456 'aut
692 2413 858 2456 tuentur'
900 2418 1014 2455 verba
1054 2406 1128 2454 ‘ubi
1165 2417 1346 2463 mysteria
1385 2408 1488 2452 fiunt’
1539 2414 1759 2451 accuratius

325 2487 525 2534 explicent.
548 2486 619 2523 hac
641 2485 904 2523 emendatione
926 2485 988 2521 vix
1011 2494 1122 2530 egere
1142 2481 1303 2519 videtur.
1344 2481 1549 2517 Notionem
1571 2479 1758 2526 passivam

325 2554 430 2591 verbi
459 2553 590 2590 tuendi
621 2552 715 2589 nihil
745 2551 886 2588 habere
920 2550 1139 2588 offensionis
1170 2549 1306 2585 docent
1336 2547 1420 2592 loci,
1463 2556 1557 2592 quos
1597 2555 1759 2592 conges-

329 2624 457 2657 serunt
487 2617 595 2655 Neue
624 2617 894 2655 Formenlehre
924 2616 973 2661 Π,
995 2616 1072 2652 245
1105 2618 1143 2652 et
1177 2608 1401 2662 chffmcme
1433 2622 1518 2658 pag.
1555 2612 1644 2648 197.

249 2682 543 2737 adsiynifieare
574 2690 630 2722 est
658 2685 814 2722 verbum
846 2695 868 2721 a
897 2683 1071 2720 Varrone
1111 2682 1165 2718 ita
1194 2682 1428 2725 usurpatum,
1469 2680 1511 2714 ut
1550 2687 1571 2713 a
1611 2675 1763 2712 notione

329 2753 435 2791 verbi
466 2751 703 2801 significandi
744 2760 979 2797 nequaquam
1021 2747 1183 2792 diflerat⁷
1224 2745 1326 2782 velut
1356 2743 1401 2780 R.
1433 2743 1479 2780 R.
1512 2741 1559 2787 ΙΙ,
1594 2743 1656 2784 11,
1691 2742 1761 2788 10;
