1787 3043
112 187 190 225 166
435 197 488 223 DE
521 196 678 223 ENL'NC.
715 196 763 222 ET
794 195 1057 222 Pm'rrcvms.
1104 196 1197 222 off.
1225 196 1313 221 xiv.

108 316 273 362 possunt
302 314 393 361 post
421 315 589 348 mortem
622 312 747 348 eiecta
775 311 923 347 moveri
959 306 1035 359 (sic
1065 306 1280 358 oblongus
1309 305 1445 359 prima
1474 308 1634 359 manu).

107 391 147 417 v.
166 378 266 416 633:
294 376 422 414 [saud
440 379 566 428 igitur
587 392 656 429 per
677 392 716 415 se
739 380 907 428 possunt
928 378 1074 414 sentire
1097 391 1225 426 neque
1247 390 1328 414 esse
1343 375 1419 427 (sc.
1437 373 1634 425 animae).

106 459 146 483 v.
173 445 271 484 715:
305 447 412 496 quod
434 447 466 483 si
488 447 693 483 lincuntur
715 450 754 483 et
776 447 927 491 insunt,
956 442 1054 480 leant
1086 445 1160 481 erit
1182 448 1227 480 ut
1248 445 1391 481 merito
1413 445 1637 481 inmortalis

105 515 229 565 possit
263 514 411 551 haberi.
460 511 516 564 (v.
548 510 692 550 Hand.
724 510 907 549 Tursell.
941 508 1028 558 HI,
1060 524 1101 561 p.
1135 510 1185 548 29
1216 509 1314 561 sq.).
1358 523 1397 548 v.
1427 509 1504 549 737
1539 509 1638 547 Ῐιαιιί

103 583 228 632 igitur
256 582 409 618 faciunt
436 582 588 618 animae
619 582 693 618 sibi
724 593 887 630 corpora
917 583 956 617 et
986 583 1105 616 artus
1149 591 1189 615 Υ.
1216 577 1295 616 840
1325 579 1433 616 haud
1461 601 1500 605 —-
1530 580 1637 629 quic-

104 663 234 699 quam.
285 661 326 685 v.
363 646 487 685 1057.
537 645 616 695 IV,
652 647 756 685 482;
793 645 904 683 leand
934 648 1059 696 igitur
1092 650 1257 696 potuere
1291 647 1430 683 utendi
1466 659 1637 683 crescere

104 730 230 754 causa.
283 713 338 761 V,
372 713 467 752 279.
505 713 604 753 373:
642 713 740 751 lea-nt
772 716 898 764 igitur
930 715 1002 752 leti
1036 715 1239 764 praeclusa
1273 718 1332 751 est
1365 715 1483 751 ianua
1516 715 1636 751 caelo.

102 796 142 821 V.
169 782 270 822 533:
307 784 532 834 praecipere
565 781 664 819 baaf.
697 786 934 833 quaquamst
969 784 1052 818 ete.
1107 794 1144 817 Υ.
1179 781 1260 818 844
1293 778 1392 817 scant
1426 794 1635 831 quaquam.

101 865 141 888 V.
168 850 274 889 1180
298 849 396 887 [aaut
419 865 670 901 quemquam.
713 847 792 896 VI,
817 849 898 886 489
926 847 1024 885 laam
1046 851 1171 899 igitur
1193 850 1387 886 mirumst.

214 916 321 962 Nec,
362 930 500 969 neque.
546 917 583 968 a)
616 915 700 954 Nec·
734 913 943 967 gravioris
978 913 1224 967 negationis
1260 918 1326 952 est
1359 913 1635 962 vocabulum,

102 999 198 1024 cum
227 982 375 1023 maiori
407 982 447 1022 vi
475 997 550 1036 pro
582 997 658 1022 mm
687 982 876 1036 positum
906 983 960 1035 (v.
994 981 1136 1021 Hand.
1169 981 1354 1020 Tursell.
1379 980 1459 1030 IV,
1485 995 1525 1033 p.
1551 982 1634 1033 96).

100 1052 188 1102 ΙΠ,
213 1053 293 1091 959
329 1068 400 1091 nec
433 1055 615 1104 opinanti
649 1054 693 1090 et
724 1050 776 1100 V,
809 1051 914 1090 1320
941 1054 983 1088 et
1007 1048 1084 1098 Vl,
1109 1051 1190 1089 408
1226 1065 1296 1088 nec
1325 1052 1538 1101 opinantis.
1580 1048 1634 1098 V,

103 1121 180 1160 777
205 1124 350 1159 autem
375 1123 440 1158 est
464 1135 591 1171 neque
615 1122 828 1172 opinantis,

214 1187 254 1239 b)
287 1186 371 1225 Nec
393 1190 435 1226 et
459 1199 581 1240 neque
595 1185 832 1239 particulae
849 1185 1094 1235 adiungunt
1109 1183 1355 1236 negativam
1374 1183 1637 1224 seutentiam

99 1253 307 1309 superiori
331 1253 419 1293 sive
445 1252 738 1293 enunciationi
762 1252 850 1292 sive
874 1251 986 1306 parti
1010 1251 1340 1301 enunciationis,
1366 1251 1428 1290 ita
1442 1256 1491 1290 ut
1507 1265 1636 1304 copu-

98 1322 217 1362 landi
239 1322 453 1376 particula
475 1321 517 1360 in
540 1321 590 1360 iis
615 1320 715 1360 insit
742 1325 785 1360 et
808 1320 1009 1360 dicantur
1030 1335 1105 1373 pro
1138 1324 1173 1359 et
1201 1334 1292 1359 non.
1338 1319 1422 1359 Sed
1444 1334 1531 1358 non
1553 1333 1637 1358 una

101 1395 279 1430 tantum
310 1388 529 1429 sententia
557 1387 760 1441 negativa
791 1388 850 1427 sic
881 1387 1010 1442 priori
1039 1386 1324 1426 affirmativae
1353 1386 1453 1426 addi
1474 1390 1636 1440 potest,

101 1458 177 1498 sed
200 1458 345 1511 plures
371 1456 615 1496 continuari
636 1461 821 1510 possunt
842 1470 917 1509 per
941 1470 1010 1494 ne(-
1033 1460 1075 1494 et
1100 1470 1235 1509 neque.
1280 1455 1316 1504 I,
1344 1457 1393 1494 21
1419 1470 1512 1507 sqq.
1537 1471 1637 1508 quae

101 1530 289 1579 quoniam
318 1550 358 1554 -
388 1529 597 1578 gubernas,
633 1539 702 1563 we&
736 1528 819 1564 sine
852 1532 892 1563 te
927 1527 1140 1576 quicquam
1175 1527 1258 1562 dias
1292 1527 1332 1562 in
1361 1526 1521 1562 luminis
1553 1539 1637 1562 oras

102 1598 276 1634 exoritur
299 1607 424 1647 neque
446 1597 488 1632 fit
512 1597 662 1633 laetum
695 1606 817 1646 meque
839 1595 1007 1631 amabile
1031 1595 1254 1644 quicquam.
1299 1590 1354 1629 H.
1381 1591 1409 1629 l.
1434 1589 1638 1629 ultimum

102 1676 224 1716 neqve
247 1676 333 1701 non
357 1666 421 1700 est
446 1662 482 1702 ἐκ
495 1662 730 1714 παραλλήλου
749 1659 936 1713 positum
954 1658 1219 1712 praegressis
1243 1672 1311 1696 nee
1335 1663 1377 1697 et
1401 1647 1537 1711 nessae,
1562 1657 1639 1697 sed

102 1728 329 1782 coniungit
351 1733 519 1769 amabile
544 1743 641 1768 cum
664 1732 825 1767 laetum.
868 1742 908 1766 Υ.
935 1729 1003 1766 93.
1030 1728 1132 1766 136;
1165 1726 1249 1765 Nec
1277 1743 1339 1766 me
1368 1730 1489 1765 animi
1521 1729 1636 1766 fallit.

101 1812 141 1836 Υ.
168 1799 263 1837 165.
290 1798 385 1837 184.
413 1799 506 1836 194.
533 1798 636 1836 216;
668 1799 859 1835 dissolvat
886 1802 1029 1834 natura
1057 1808 1179 1847 aeque
1206 1797 1255 1833 ad
1277 1797 1403 1833 nilum
1426 1797 1640 1833 interemat

102 1882 173 1905 res.
216 1880 256 1903 Υ.
284 1865 383 1904 2701
421 1881 520 1917 quae
555 1880 718 1917 corpora
750 1870 838 1903 tute
872 1869 1069 1902 necessest
1103 1866 1314 1901 confiteare
1345 1878 1426 1901 esse
1454 1865 1495 1901 in
1522 1865 1639 1901 rebus

103 1947 173 1971 rnec
206 1949 318 1986 posse
353 1936 491 1972 videri.
536 1947 575 1970 Υ.
602 1932 704 1971 263ε
744 1945 812 1970 aec
846 1931 971 1969 ullam
1004 1946 1086 1969 rem
1115 1933 1228 1981 gigni
1259 1933 1422 1982 patitur.
1467 1944 1506 1968 v.
1533 1930 1636 1968 28οῑ

102 2014 173 2039 nec
200 2004 354 2040 ratione
384 2005 515 2040 fluunt
544 2003 621 2039 alia
652 2003 756 2038 cett.
808 2013 847 2036 v.
881 1999 975 2037 285.
1009 1999 1104 2037 332.
1137 1998 1217 2036 394
1242 2011 1358 2049 sqq:
1393 2004 1433 2036 et
1462 2001 1640 2049 repletur

104 2072 201 2108 item
225 2085 391 2108 vacuum
419 2093 459 2097 —
490 2082 559 2106 saec
589 2071 661 2107 tali
689 2070 843 2106 ratione
874 2072 1007 2118 potest
1037 2068 1236 2104 denserier
1263 2069 1340 2113 aer,
1374 2078 1460 2110 nee,
1497 2068 1527 2103 si
1562 2067 1641 2104 iam

105 2143 250 2189 posset,
279 2140 362 2176 sine
384 2139 491 2175 inani
516 2144 660 2188 posset.
705 2149 742 2173 Υ.
770 2135 864 2174 513.
892 2135 992 2172 549:
1028 2146 1096 2171 nee
1122 2136 1276 2172 ratione
1306 2139 1459 2184 queunt
1489 2135 1565 2171 alia
1593 2156 1634 2160 —

105 2221 164 2243 res
197 2220 389 2256 reparare.
432 2218 473 2242 Υ.
499 2205 594 2243 618.
630 2204 708 2242 690
743 2218 883 2254 neque.
930 2215 970 2239 Υ.
1006 2186 1109 2239 1013
1135 2214 1250 2252 sqq:
1288 2203 1466 2252 simplice
1499 2206 1642 2239 natura

107 2278 243 2325 pateat
270 2296 309 2300 —
337 2285 406 2310 suec
428 2288 533 2311 mare
558 2285 626 2309 nec
647 2274 767 2310 tellus
790 2282 914 2322 neque
936 2272 1032 2307 caeli
1057 2271 1189 2307 lucida
1209 2271 1361 2320 templa
1383 2281 1452 2306 nec
1474 2270 1641 2307 mortale

107 2356 231 2391 genus
266 2353 334 2377 7260
368 2342 503 2378 divum
540 2354 702 2391 corpora
735 2343 871 2377 sancta
899 2360 938 2364 —
968 2342 1133 2388 possunt
1162 2339 1273 2374 horai
1303 2339 1440 2374 sistere
1470 2342 1640 2387 tempus.

108 2422 149 2446 V.
176 2408 304 2446 1062:
339 2420 461 2459 neque
489 2422 600 2458 posse
629 2422 647 2445 e
677 2408 791 2445 terris
823 2408 862 2443 in
892 2407 978 2443 loca
1000 2406 1097 2442 caeli
1119 2406 1315 2442 reccidere
1338 2407 1421 2441 etc.
1467 2417 1506 2440 Υ.
1534 2402 1640 2441 1071

111 2488 233 2528 neque
267 2477 440 2522 omnino⁷
475 2477 503 2512 si
533 2477 612 2513 iam
639 2476 815 2512 medium
845 2475 897 2511 sit
928 2475 1033 2509 eet-r„
1076 2484 1117 2508 Υ.
1154 2470 1276 2512 1077.
1312 2471 1434 2509 1092.
1477 2469 1540 2518 Π,
1567 2470 1638 2508 23;

110 2546 261 2595 gratius
294 2546 399 2581 inter
433 2544 526 2580 dum
563 2555 685 2594 neque
718 2548 859 2580 natura
892 2543 977 2591 ipsa
1005 2541 1184 2589 requirit,
1219 2536 1292 2576 ubi
1324 2550 1446 2590 neque
1473 2551 1560 2575 non
1589 2536 1641 2575 ab

110 2609 234 2650 initio
266 2608 493 2657 orationiS,
533 2607 607 2646 sed
642 2613 741 2660 post
773 2605 981 2646 nonnulla
1010 2604 1181 2643 demum
1214 2603 1424 2643 vocabula
1450 2603 1643 2657 positum

113 2682 194 2717 est.
245 2692 286 2716 Υ.
318 2678 389 2716 34τ
427 2690 497 2714 7260
530 2679 679 2715 calidae
714 2679 830 2715 citius
865 2677 1063 2714 decedunt
1097 2689 1259 2725 corpore
1292 2675 1430 2712 febres.
1477 2686 1518 2710 v.
1546 2673 1639 2712 253.

113 2747 208 2785 350.
235 2746 330 2784 361.
357 2746 452 2784 840.
478 2745 574 2782 984.
618 2742 706 2792 HI,
733 2744 804 2782 23:
838 2745 970 2782 omnia
996 2744 1227 2793 suppeditat
1255 2756 1370 2792 porro
1398 2746 1552 2789 natura,
1575 2754 1642 2778 ne-

115 2825 187 2866 que
217 2816 298 2851 ulla
325 2828 385 2851 res
416 2815 535 2850 animi
559 2827 692 2863 pacem
717 2813 868 2850 delibat
890 2817 1068 2861 tempore
1090 2812 1131 2847 in
1154 2812 1247 2847 ullo.
1293 2822 1331 2846 Υ.
1358 2809 1409 2846 26
1433 2822 1501 2846 nec
1523 2811 1643 2847 tellus
