<?xml version="1.0" encoding="UTF-8"?>
<!DOCTYPE html PUBLIC "-//W3C//DTD XHTML 1.0 Transitional//EN"
    "http://www.w3.org/TR/xhtml1/DTD/xhtml1-transitional.dtd">
<html xmlns="http://www.w3.org/1999/xhtml" xml:lang="en" lang="en">
 <head>
  <title>
</title>
<meta http-equiv="Content-Type" content="text/html;charset=utf-8" />
  <meta name='ocr-system' content='tesseract 3.04.00' />
  <meta name='ocr-capabilities' content='ocr_page ocr_carea ocr_par ocr_line ocrx_word'/>
</head>
<body>
  <div class='ocr_page' id='page_1' title='image "./syntaxislucretia00holtuoft_0433.png"; bbox 0 0 1833 3048; ppageno 0'>
   <div class='ocr_carea' id='block_1_1' title="bbox 196 170 1770 2909">
    <p class='ocr_par' dir='ltr' id='par_1_1' title="bbox 201 170 1753 510">
     <span class='ocr_line' id='line_1_1' title="bbox 201 170 1752 228; baseline 0.001 -13"><span class='ocrx_word' id='word_1_1' title='bbox 201 174 304 215; x_wconf 89' lang='lat' dir='ltr'>sunt</span> <span class='ocrx_word' id='word_1_2' title='bbox 325 172 503 226; x_wconf 89' lang='lat' dir='ltr'>praeter</span> <span class='ocrx_word' id='word_1_3' title='bbox 524 170 614 214; x_wconf 84' lang='lat' dir='ltr'>Cic.</span> <span class='ocrx_word' id='word_1_4' title='bbox 639 171 768 214; x_wconf 83' lang='lat' dir='ltr'>Caec.</span> <span class='ocrx_word' id='word_1_5' title='bbox 795 175 920 225; x_wconf 74' lang='lat'>20‚57</span> <span class='ocrx_word' id='word_1_6' title='bbox 946 170 1065 226; x_wconf 74' lang='lat' dir='ltr'>(Non</span> <span class='ocrx_word' id='word_1_7' title='bbox 1097 173 1209 216; x_wconf 75' lang='lat' dir='ltr'>enim</span> <span class='ocrx_word' id='word_1_8' title='bbox 1241 174 1329 215; x_wconf 70' lang='lat' dir='ltr'>alia</span> <span class='ocrx_word' id='word_1_9' title='bbox 1361 188 1489 216; x_wconf 74' lang='lat' dir='ltr'>causa</span> <span class='ocrx_word' id='word_1_10' title='bbox 1520 178 1579 216; x_wconf 68' lang='lat' dir='ltr'>est</span> <span class='ocrx_word' id='word_1_11' title='bbox 1610 175 1752 228; x_wconf 68' lang='lat' dir='ltr'>aequi-</span> 
     </span>
     <span class='ocr_line' id='line_1_2' title="bbox 202 241 1753 298; baseline -0.002 -10"><span class='ocrx_word' id='word_1_12' title='bbox 202 245 303 288; x_wconf 74' lang='lat' dir='ltr'>tat-is</span> <span class='ocrx_word' id='word_1_13' title='bbox 350 245 399 288; x_wconf 79' lang='lat' dir='ltr'>in</span> <span class='ocrx_word' id='word_1_14' title='bbox 446 258 532 287; x_wconf 76' lang='lat' dir='ltr'>uno</span> <span class='ocrx_word' id='word_1_15' title='bbox 578 258 694 287; x_wconf 67' lang='lat' dir='ltr'>servo</span> <span class='ocrx_word' id='word_1_16' title='bbox 737 248 774 287; x_wconf 74' lang='lat' dir='ltr'>et</span> <span class='ocrx_word' id='word_1_17' title='bbox 812 245 860 288; x_wconf 75' lang='lat' dir='ltr'>in</span> <span class='ocrx_word' id='word_1_18' title='bbox 895 242 1126 298; x_wconf 70' lang='lat' dir='ltr'>pluribus),</span> <span class='ocrx_word' id='word_1_19' title='bbox 1159 241 1240 285; x_wconf 86' lang='lat' dir='ltr'>Off.</span> <span class='ocrx_word' id='word_1_20' title='bbox 1272 242 1323 285; x_wconf 90' lang='lat' dir='ltr'>II</span> <span class='ocrx_word' id='word_1_21' title='bbox 1358 246 1497 296; x_wconf 82' lang='lat'>18,62‚</span> <span class='ocrx_word' id='word_1_22' title='bbox 1531 242 1650 285; x_wconf 82' lang='lat' dir='ltr'>Cael.</span> <span class='ocrx_word' id='word_1_23' title='bbox 1685 255 1753 296; x_wconf 91' lang='lat' dir='ltr'>ap.</span> 
     </span>
     <span class='ocr_line' id='line_1_3' title="bbox 205 311 1750 367; baseline -0.003 -11"><span class='ocrx_word' id='word_1_24' title='bbox 205 313 292 356; x_wconf 84' lang='lat' dir='ltr'>Cic.</span> <span class='ocrx_word' id='word_1_25' title='bbox 325 313 446 355; x_wconf 87' lang='lat' dir='ltr'><strong>Fam.</strong></span> <span class='ocrx_word' id='word_1_26' title='bbox 478 311 600 358; x_wconf 87' lang='lat' dir='ltr'>VIII</span> <span class='ocrx_word' id='word_1_27' title='bbox 642 315 706 363; x_wconf 83' lang='lat'>1,3</span> <span class='ocrx_word' id='word_1_28' title='bbox 742 311 836 367; x_wconf 89' lang='lat' dir='ltr'>(cfr.</span> <span class='ocrx_word' id='word_1_29' title='bbox 873 312 1005 366; x_wconf 90' lang='lat' dir='ltr'>Opitz</span> <span class='ocrx_word' id='word_1_30' title='bbox 1047 325 1188 367; x_wconf 86' lang='lat' dir='ltr'>progr.</span> <span class='ocrx_word' id='word_1_31' title='bbox 1221 312 1405 356; x_wconf 88' lang='lat' dir='ltr'>Naumb.</span> <span class='ocrx_word' id='word_1_32' title='bbox 1445 316 1552 353; x_wconf 78' lang='lat'>1879</span> <span class='ocrx_word' id='word_1_33' title='bbox 1601 326 1640 366; x_wconf 88' lang='lat' dir='ltr'>p.</span> <span class='ocrx_word' id='word_1_34' title='bbox 1680 311 1750 367; x_wconf 84' lang='lat'>12)</span> 
     </span>
     <span class='ocr_line' id='line_1_4' title="bbox 204 381 1752 440; baseline -0.001 -14"><span class='ocrx_word' id='word_1_35' title='bbox 204 383 339 426; x_wconf 89' lang='lat' dir='ltr'>etiam</span> <span class='ocrx_word' id='word_1_36' title='bbox 371 396 397 426; x_wconf 85' lang='lat' dir='ltr'>a</span> <span class='ocrx_word' id='word_1_37' title='bbox 428 383 629 428; x_wconf 87' lang='lat' dir='ltr'>Varrone</span> <span class='ocrx_word' id='word_1_38' title='bbox 659 382 710 424; x_wconf 90' lang='lat' dir='ltr'>II</span> <span class='ocrx_word' id='word_1_39' title='bbox 741 382 878 436; x_wconf 87' lang='lat' dir='ltr'>praef.</span> <span class='ocrx_word' id='word_1_40' title='bbox 914 388 938 423; x_wconf 77' lang='lat'><strong>4</strong></span> <span class='ocrx_word' id='word_1_41' title='bbox 971 385 1084 428; x_wconf 68' lang='lat' dir='ltr'>alius</span> <span class='ocrx_word' id='word_1_42' title='bbox 1116 385 1228 428; x_wconf 75' lang='lat' dir='ltr'>enim</span> <span class='ocrx_word' id='word_1_43' title='bbox 1271 385 1395 439; x_wconf 66' lang='lat' dir='ltr'>opilio</span> <span class='ocrx_word' id='word_1_44' title='bbox 1438 389 1474 427; x_wconf 71' lang='lat' dir='ltr'>et</span> <span class='ocrx_word' id='word_1_45' title='bbox 1513 389 1658 428; x_wconf 75' lang='lat' dir='ltr'>arator</span> <span class='ocrx_word' id='word_1_46' title='bbox 1689 381 1752 440; x_wconf 87' lang='lat' dir='ltr'>[in</span> 
     </span>
     <span class='ocr_line' id='line_1_5' title="bbox 204 452 1366 510; baseline -0.001 -14"><span class='ocrx_word' id='word_1_47' title='bbox 204 454 297 497; x_wconf 92' lang='lat' dir='ltr'>edd.</span> <span class='ocrx_word' id='word_1_48' title='bbox 331 455 442 497; x_wconf 84' lang='lat' dir='ltr'>vett.</span> <span class='ocrx_word' id='word_1_49' title='bbox 476 452 694 507; x_wconf 87' lang='lat' dir='ltr'>scriptura</span> <span class='ocrx_word' id='word_1_50' title='bbox 728 465 812 495; x_wconf 90' lang='lat' dir='ltr'>non</span> <span class='ocrx_word' id='word_1_51' title='bbox 843 456 964 497; x_wconf 85' lang='lat' dir='ltr'>recte</span> <span class='ocrx_word' id='word_1_52' title='bbox 997 466 1204 507; x_wconf 88' lang='lat' dir='ltr'>expressa</span> <span class='ocrx_word' id='word_1_53' title='bbox 1237 452 1366 510; x_wconf 68' lang='lat' dir='ltr'>erat}</span> 
     </span>
    </p>

    <p class='ocr_par' dir='ltr' id='par_1_2' title="bbox 198 523 1754 1143">
     <span class='ocr_line' id='line_1_6' title="bbox 317 523 1752 581; baseline -0.001 -14"><span class='ocrx_word' id='word_1_54' title='bbox 317 523 548 567; x_wconf 87' lang='lat' dir='ltr'>Particula</span> <span class='ocrx_word' id='word_1_55' title='bbox 580 540 706 581; x_wconf 78' lang='lat' dir='ltr'>quam</span> <span class='ocrx_word' id='word_1_56' title='bbox 737 524 852 577; x_wconf 90' lang='lat' dir='ltr'>apud</span> <span class='ocrx_word' id='word_1_57' title='bbox 893 525 1100 578; x_wconf 88' lang='lat' dir='ltr'>probatos</span> <span class='ocrx_word' id='word_1_58' title='bbox 1143 524 1378 578; x_wconf 80' lang='lat' dir='ltr'>scriptores</span> <span class='ocrx_word' id='word_1_59' title='bbox 1421 536 1506 567; x_wconf 91' lang='lat' dir='ltr'>non</span> <span class='ocrx_word' id='word_1_60' title='bbox 1547 523 1752 577; x_wconf 81' lang='lat' dir='ltr'><strong>suspendi</strong></span> 
     </span>
     <span class='ocr_line' id='line_1_7' title="bbox 203 594 1752 649; baseline -0.001 -12"><span class='ocrx_word' id='word_1_61' title='bbox 203 595 364 638; x_wconf 87' lang='lat' dir='ltr'>dicitur</span> <span class='ocrx_word' id='word_1_62' title='bbox 397 607 450 637; x_wconf 84' lang='lat' dir='ltr'>ex</span> <span class='ocrx_word' id='word_1_63' title='bbox 482 607 587 638; x_wconf 89' lang='lat' dir='ltr'>voce</span> <span class='ocrx_word' id='word_1_64' title='bbox 619 596 732 639; x_wconf 75' lang='lat' dir='ltr'>alius</span> <span class='ocrx_word' id='word_1_65' title='bbox 762 594 847 637; x_wconf 87' lang='lat' dir='ltr'>nisi</span> <span class='ocrx_word' id='word_1_66' title='bbox 877 594 923 637; x_wconf 88' lang='lat' dir='ltr'>in</span> <span class='ocrx_word' id='word_1_67' title='bbox 955 594 1187 638; x_wconf 78' lang='lat' dir='ltr'>sententiis</span> <span class='ocrx_word' id='word_1_68' title='bbox 1217 594 1451 649; x_wconf 83' lang='lat' dir='ltr'>negativis.</span> <span class='ocrx_word' id='word_1_69' title='bbox 1501 594 1600 637; x_wconf 91' lang='lat' dir='ltr'>Non</span> <span class='ocrx_word' id='word_1_70' title='bbox 1630 596 1752 637; x_wconf 88' lang='lat' dir='ltr'>recte</span> 
     </span>
     <span class='ocr_line' id='line_1_8' title="bbox 204 663 1751 721; baseline -0.001 -13"><span class='ocrx_word' id='word_1_71' title='bbox 204 669 351 709; x_wconf 90' lang='lat' dir='ltr'>autem</span> <span class='ocrx_word' id='word_1_72' title='bbox 375 665 535 708; x_wconf 91' lang='lat' dir='ltr'>Albert</span> <span class='ocrx_word' id='word_1_73' title='bbox 557 663 661 708; x_wconf 92' lang='lat' dir='ltr'>Act.</span> <span class='ocrx_word' id='word_1_74' title='bbox 688 665 797 709; x_wconf 86' lang='lat' dir='ltr'>Sem.</span> <span class='ocrx_word' id='word_1_75' title='bbox 821 665 911 708; x_wconf 86' lang='lat' dir='ltr'>Eri.</span> <span class='ocrx_word' id='word_1_76' title='bbox 945 666 996 708; x_wconf 81' lang='grc' dir='ltr'>ΙΙ</span> <span class='ocrx_word' id='word_1_77' title='bbox 1019 669 1102 707; x_wconf 80' lang='lat'>344</span> <span class='ocrx_word' id='word_1_78' title='bbox 1136 664 1358 721; x_wconf 89' lang='lat' dir='ltr'>(similiter</span> <span class='ocrx_word' id='word_1_79' title='bbox 1390 665 1524 707; x_wconf 89' lang='lat' dir='ltr'>etiam</span> <span class='ocrx_word' id='word_1_80' title='bbox 1548 665 1751 709; x_wconf 84' lang='lat' dir='ltr'>Schmalz</span> 
     </span>
     <span class='ocr_line' id='line_1_9' title="bbox 203 734 1751 792; baseline -0.002 -12"><span class='ocrx_word' id='word_1_81' title='bbox 203 736 277 790; x_wconf 86' lang='lat' dir='ltr'>Sy.</span> <span class='ocrx_word' id='word_1_82' title='bbox 311 735 335 792; x_wconf 65' lang='grc' dir='ltr'>ξ</span> <span class='ocrx_word' id='word_1_83' title='bbox 370 735 491 791; x_wconf 84' lang='grc'>259);</span> <span class='ocrx_word' id='word_1_84' title='bbox 546 737 699 791; x_wconf 73' lang='lat' dir='ltr'>„Alius</span> <span class='ocrx_word' id='word_1_85' title='bbox 741 735 893 789; x_wconf 74' lang='lat' dir='ltr'>quam‘·&#39;</span> <span class='ocrx_word' id='word_1_86' title='bbox 941 735 1082 789; x_wconf 88' lang='lat' dir='ltr'>inquit</span> <span class='ocrx_word' id='word_1_87' title='bbox 1134 735 1202 784; x_wconf 85' lang='lat' dir='ltr'>„in</span> <span class='ocrx_word' id='word_1_88' title='bbox 1254 734 1497 778; x_wconf 83' lang='lat' dir='ltr'>enuntiatis</span> <span class='ocrx_word' id='word_1_89' title='bbox 1548 734 1751 789; x_wconf 87' lang='lat' dir='ltr'>positivis</span> 
     </span>
     <span class='ocr_line' id='line_1_10' title="bbox 204 805 1751 859; baseline -0.001 -10"><span class='ocrx_word' id='word_1_90' title='bbox 204 806 329 850; x_wconf 89' lang='lat' dir='ltr'>nobis</span> <span class='ocrx_word' id='word_1_91' title='bbox 371 806 594 849; x_wconf 84' lang='lat' dir='ltr'>rarissime</span> <span class='ocrx_word' id='word_1_92' title='bbox 635 819 773 859; x_wconf 87' lang='lat' dir='ltr'>neque</span> <span class='ocrx_word' id='word_1_93' title='bbox 815 808 920 849; x_wconf 87' lang='lat' dir='ltr'>ante</span> <span class='ocrx_word' id='word_1_94' title='bbox 951 806 1124 850; x_wconf 91' lang='lat' dir='ltr'>Livium</span> <span class='ocrx_word' id='word_1_95' title='bbox 1158 805 1328 849; x_wconf 89' lang='lat' dir='ltr'>obviam</span> <span class='ocrx_word' id='word_1_96' title='bbox 1374 806 1466 850; x_wconf 88' lang='lat' dir='ltr'>fit“.</span> <span class='ocrx_word' id='word_1_97' title='bbox 1530 805 1595 848; x_wconf 82' lang='lat' dir='ltr'>Tu</span> <span class='ocrx_word' id='word_1_98' title='bbox 1639 805 1751 847; x_wconf 89' lang='lat' dir='ltr'>enim</span> 
     </span>
     <span class='ocr_line' id='line_1_11' title="bbox 203 875 1753 931; baseline -0.001 -12"><span class='ocrx_word' id='word_1_99' title='bbox 203 877 369 931; x_wconf 85' lang='lat' dir='ltr'>inspice</span> <span class='ocrx_word' id='word_1_100' title='bbox 400 877 574 922; x_wconf 85' lang='lat' dir='ltr'>Varr.1</span> <span class='ocrx_word' id='word_1_101' title='bbox 608 880 703 930; x_wconf 82' lang='lat'>2‚15</span> <span class='ocrx_word' id='word_1_102' title='bbox 737 879 888 921; x_wconf 68' lang='lat' dir='ltr'>dextra</span> <span class='ocrx_word' id='word_1_103' title='bbox 929 879 1030 921; x_wconf 29' lang='lat' dir='ltr'>{ibices</span> <span class='ocrx_word' id='word_1_104' title='bbox 1073 879 1161 922; x_wconf 68' lang='lat' dir='ltr'>cilia</span> <span class='ocrx_word' id='word_1_105' title='bbox 1192 890 1316 929; x_wconf 73' lang='lat' dir='ltr'>quam</span> <span class='ocrx_word' id='word_1_106' title='bbox 1348 878 1540 921; x_wconf 73' lang='lat' dir='ltr'>sinistra.</span> <span class='ocrx_word' id='word_1_107' title='bbox 1605 875 1753 931; x_wconf 76' lang='lat' dir='ltr'>Quid?</span> 
     </span>
     <span class='ocr_line' id='line_1_12' title="bbox 203 946 1752 1001; baseline -0.001 -12"><span class='ocrx_word' id='word_1_108' title='bbox 203 947 316 1000; x_wconf 89' lang='lat' dir='ltr'>quod</span> <span class='ocrx_word' id='word_1_109' title='bbox 363 947 498 990; x_wconf 89' lang='lat' dir='ltr'>etiam</span> <span class='ocrx_word' id='word_1_110' title='bbox 545 946 660 1001; x_wconf 89' lang='lat' dir='ltr'>apud</span> <span class='ocrx_word' id='word_1_111' title='bbox 692 946 943 991; x_wconf 84' lang='lat' dir='ltr'>Ciceronem</span> <span class='ocrx_word' id='word_1_112' title='bbox 990 946 1141 1001; x_wconf 82' lang='lat' dir='ltr'>paucis</span> <span class='ocrx_word' id='word_1_113' title='bbox 1187 947 1294 990; x_wconf 89' lang='lat' dir='ltr'>locis</span> <span class='ocrx_word' id='word_1_114' title='bbox 1339 946 1489 990; x_wconf 90' lang='lat' dir='ltr'>eadem</span> <span class='ocrx_word' id='word_1_115' title='bbox 1529 949 1752 989; x_wconf 79' lang='lat' dir='ltr'>structura</span> 
     </span>
     <span class='ocr_line' id='line_1_13' title="bbox 200 1016 1754 1073; baseline -0.001 -13"><span class='ocrx_word' id='word_1_116' title='bbox 200 1017 396 1060; x_wconf 87' lang='lat' dir='ltr'>traditur</span> <span class='ocrx_word' id='word_1_117' title='bbox 429 1017 500 1072; x_wconf 89' lang='lat' dir='ltr'>(de</span> <span class='ocrx_word' id='word_1_118' title='bbox 532 1017 616 1060; x_wconf 88' lang='lat' dir='ltr'>inv.</span> <span class='ocrx_word' id='word_1_119' title='bbox 649 1018 674 1060; x_wconf 93' lang='lat' dir='ltr'>I</span> <span class='ocrx_word' id='word_1_120' title='bbox 710 1022 833 1071; x_wconf 83' lang='lat'>18,26</span> <span class='ocrx_word' id='word_1_121' title='bbox 878 1021 923 1060; x_wconf 88' lang='lat' dir='ltr'>et</span> <span class='ocrx_word' id='word_1_122' title='bbox 954 1018 979 1060; x_wconf 92' lang='lat' dir='ltr'>I</span> <span class='ocrx_word' id='word_1_123' title='bbox 1011 1017 1160 1073; x_wconf 83' lang='lat'>47‚87)</span> <span class='ocrx_word' id='word_1_124' title='bbox 1205 1017 1256 1060; x_wconf 91' lang='lat' dir='ltr'>de</span> <span class='ocrx_word' id='word_1_125' title='bbox 1290 1017 1442 1070; x_wconf 84' lang='lat' dir='ltr'>quibus</span> <span class='ocrx_word' id='word_1_126' title='bbox 1486 1017 1562 1059; x_wconf 84' lang='lat' dir='ltr'>cfr.</span> <span class='ocrx_word' id='word_1_127' title='bbox 1595 1016 1754 1059; x_wconf 79' lang='lat' dir='ltr'>Miiller</span> 
     </span>
     <span class='ocr_line' id='line_1_14' title="bbox 198 1087 1432 1143; baseline -0.003 -12"><span class='ocrx_word' id='word_1_128' title='bbox 198 1088 243 1131; x_wconf 92' lang='lat' dir='ltr'>in</span> <span class='ocrx_word' id='word_1_129' title='bbox 277 1088 501 1131; x_wconf 85' lang='lat' dir='ltr'>Ciceronis</span> <span class='ocrx_word' id='word_1_130' title='bbox 534 1088 678 1130; x_wconf 91' lang='lat' dir='ltr'>Laelii</span> <span class='ocrx_word' id='word_1_131' title='bbox 710 1087 901 1131; x_wconf 89' lang='lat' dir='ltr'>editione</span> <span class='ocrx_word' id='word_1_132' title='bbox 934 1087 1222 1143; x_wconf 84' lang='lat' dir='ltr'>Seyffertiana</span> <span class='ocrx_word' id='word_1_133' title='bbox 1259 1101 1299 1141; x_wconf 91' lang='lat' dir='ltr'>p.</span> <span class='ocrx_word' id='word_1_134' title='bbox 1338 1092 1432 1128; x_wconf 80' lang='lat'>129.</span> 
     </span>
    </p>

    <p class='ocr_par' dir='ltr' id='par_1_3' title="bbox 199 1157 1754 1711">
     <span class='ocr_line' id='line_1_15' title="bbox 323 1157 1754 1212; baseline -0.001 -11"><span class='ocrx_word' id='word_1_135' title='bbox 323 1160 512 1212; x_wconf 89' lang='lat' dir='ltr'>Propter</span> <span class='ocrx_word' id='word_1_136' title='bbox 552 1159 945 1212; x_wconf 83' lang='lat' dir='ltr'>comparativorum</span> <span class='ocrx_word' id='word_1_137' title='bbox 988 1157 1326 1209; x_wconf 87' lang='lat' dir='ltr'>similitudinem,</span> <span class='ocrx_word' id='word_1_138' title='bbox 1374 1161 1424 1200; x_wconf 92' lang='lat' dir='ltr'>ut</span> <span class='ocrx_word' id='word_1_139' title='bbox 1465 1157 1652 1211; x_wconf 86' lang='lat' dir='ltr'>videtur,</span> <span class='ocrx_word' id='word_1_140' title='bbox 1701 1170 1754 1200; x_wconf 84' lang='lat' dir='ltr'>ex</span> 
     </span>
     <span class='ocr_line' id='line_1_16' title="bbox 201 1228 1751 1282; baseline -0.002 -10"><span class='ocrx_word' id='word_1_141' title='bbox 201 1230 286 1272; x_wconf 90' lang='lat' dir='ltr'>hac</span> <span class='ocrx_word' id='word_1_142' title='bbox 318 1231 543 1272; x_wconf 87' lang='lat' dir='ltr'>structura</span> <span class='ocrx_word' id='word_1_143' title='bbox 574 1229 795 1282; x_wconf 87' lang='lat' dir='ltr'>profectus</span> <span class='ocrx_word' id='word_1_144' title='bbox 829 1233 898 1272; x_wconf 91' lang='lat' dir='ltr'>est</span> <span class='ocrx_word' id='word_1_145' title='bbox 930 1229 1153 1273; x_wconf 87' lang='lat' dir='ltr'>ablativus</span> <span class='ocrx_word' id='word_1_146' title='bbox 1186 1242 1239 1271; x_wconf 83' lang='lat' dir='ltr'>ex</span> <span class='ocrx_word' id='word_1_147' title='bbox 1268 1241 1374 1272; x_wconf 88' lang='lat' dir='ltr'>voce</span> <span class='ocrx_word' id='word_1_148' title='bbox 1407 1231 1520 1274; x_wconf 69' lang='lat' dir='ltr'>alius</span> <span class='ocrx_word' id='word_1_149' title='bbox 1540 1228 1751 1282; x_wconf 88' lang='lat' dir='ltr'>pendens:</span> 
     </span>
     <span class='ocr_line' id='line_1_17' title="bbox 200 1299 1753 1357; baseline -0.002 -12"><span class='ocrx_word' id='word_1_150' title='bbox 200 1300 277 1344; x_wconf 91' lang='lat' dir='ltr'>III</span> <span class='ocrx_word' id='word_1_151' title='bbox 303 1304 426 1351; x_wconf 82' lang='lat'>16,23</span> <span class='ocrx_word' id='word_1_152' title='bbox 461 1302 705 1346; x_wconf 74' lang='lat' dir='ltr'>erithacen-</span> <span class='ocrx_word' id='word_1_153' title='bbox 733 1336 740 1344; x_wconf 90' lang='lat'><strong>.</strong></span> <span class='ocrx_word' id='word_1_154' title='bbox 765 1303 874 1357; x_wconf 76' lang='lat' dir='ltr'>quod</span> <span class='ocrx_word' id='word_1_155' title='bbox 905 1307 963 1345; x_wconf 71' lang='lat' dir='ltr'>cst</span> <span class='ocrx_word' id='word_1_156' title='bbox 995 1303 1115 1345; x_wconf 69' lang='lat' dir='ltr'>aliud</span> <span class='ocrx_word' id='word_1_157' title='bbox 1145 1303 1261 1345; x_wconf 76' lang='lat' dir='ltr'>melle</span> <span class='ocrx_word' id='word_1_158' title='bbox 1301 1306 1394 1345; x_wconf 70' lang='lat' dir='ltr'>&lt;et&gt;</span> <span class='ocrx_word' id='word_1_159' title='bbox 1424 1301 1614 1356; x_wconf 74' lang='lat' dir='ltr'>propoli‚·</span> <span class='ocrx_word' id='word_1_160' title='bbox 1646 1299 1753 1342; x_wconf 89' lang='lat' dir='ltr'>item</span> 
     </span>
     <span class='ocr_line' id='line_1_18' title="bbox 200 1370 1753 1428; baseline -0.001 -14"><span class='ocrx_word' id='word_1_161' title='bbox 200 1370 246 1414; x_wconf 89' lang='lat' dir='ltr'>in</span> <span class='ocrx_word' id='word_1_162' title='bbox 278 1371 409 1414; x_wconf 87' lang='lat' dir='ltr'>Bruti</span> <span class='ocrx_word' id='word_1_163' title='bbox 442 1371 672 1424; x_wconf 79' lang='lat' dir='ltr'>Oassiique</span> <span class='ocrx_word' id='word_1_164' title='bbox 705 1372 895 1425; x_wconf 88' lang='lat' dir='ltr'>epistula</span> <span class='ocrx_word' id='word_1_165' title='bbox 930 1371 1037 1428; x_wconf 83' lang='lat' dir='ltr'>(Cic.</span> <span class='ocrx_word' id='word_1_166' title='bbox 1072 1372 1191 1414; x_wconf 86' lang='lat' dir='ltr'>Fam.</span> <span class='ocrx_word' id='word_1_167' title='bbox 1224 1371 1300 1413; x_wconf 86' lang='lat' dir='ltr'>XI</span> <span class='ocrx_word' id='word_1_168' title='bbox 1334 1371 1420 1426; x_wconf 54' lang='lat'>22)</span> <span class='ocrx_word' id='word_1_169' title='bbox 1453 1371 1498 1412; x_wconf 90' lang='lat' dir='ltr'>in</span> <span class='ocrx_word' id='word_1_170' title='bbox 1530 1370 1753 1413; x_wconf 86' lang='lat' dir='ltr'>sententia</span> 
     </span>
     <span class='ocr_line' id='line_1_19' title="bbox 201 1442 1754 1499; baseline 0.001 -15"><span class='ocrx_word' id='word_1_171' title='bbox 201 1442 432 1496; x_wconf 85' lang='lat' dir='ltr'>negativa:</span> <span class='ocrx_word' id='word_1_172' title='bbox 481 1459 560 1487; x_wconf 75' lang='lat' dir='ltr'>nos</span> <span class='ocrx_word' id='word_1_173' title='bbox 592 1444 640 1487; x_wconf 79' lang='lat' dir='ltr'>ab</span> <span class='ocrx_word' id='word_1_174' title='bbox 674 1444 799 1488; x_wconf 70' lang='lat' dir='ltr'>initio</span> <span class='ocrx_word' id='word_1_175' title='bbox 832 1448 1032 1499; x_wconf 69' lang='lat' dir='ltr'>spectasse</span> <span class='ocrx_word' id='word_1_176' title='bbox 1066 1445 1197 1486; x_wconf 71' lang='lat' dir='ltr'>otium</span> <span class='ocrx_word' id='word_1_177' title='bbox 1244 1458 1320 1486; x_wconf 75' lang='lat' dir='ltr'>nec</span> <span class='ocrx_word' id='word_1_178' title='bbox 1365 1443 1589 1498; x_wconf 69' lang='lat' dir='ltr'>quicquam</span> <span class='ocrx_word' id='word_1_179' title='bbox 1635 1444 1754 1486; x_wconf 76' lang='lat' dir='ltr'>alind</span> 
     </span>
     <span class='ocr_line' id='line_1_20' title="bbox 203 1511 1752 1566; baseline -0.001 -10"><span class='ocrx_word' id='word_1_180' title='bbox 203 1515 389 1558; x_wconf 74' lang='lat' dir='ltr'>libertate</span> <span class='ocrx_word' id='word_1_181' title='bbox 441 1515 655 1557; x_wconf 70' lang='lat' dir='ltr'>communi</span> <span class='ocrx_word' id='word_1_182' title='bbox 706 1516 916 1566; x_wconf 72' lang='lat' dir='ltr'>quaesisse</span> <span class='ocrx_word' id='word_1_183' title='bbox 968 1516 1107 1557; x_wconf 68' lang='lat' dir='ltr'>exitus</span> <span class='ocrx_word' id='word_1_184' title='bbox 1147 1515 1341 1557; x_wconf 73' lang='lat' dir='ltr'>declarat.</span> <span class='ocrx_word' id='word_1_185' title='bbox 1405 1511 1602 1554; x_wconf 85' lang='lat' dir='ltr'>Transiit</span> <span class='ocrx_word' id='word_1_186' title='bbox 1643 1512 1752 1554; x_wconf 83' lang='lat' dir='ltr'>haec</span> 
     </span>
     <span class='ocr_line' id='line_1_21' title="bbox 201 1582 1751 1638; baseline -0.003 -11"><span class='ocrx_word' id='word_1_187' title='bbox 201 1583 411 1627; x_wconf 88' lang='lat' dir='ltr'>sermonis</span> <span class='ocrx_word' id='word_1_188' title='bbox 457 1584 653 1638; x_wconf 86' lang='lat' dir='ltr'>vulgaris</span> <span class='ocrx_word' id='word_1_189' title='bbox 702 1586 927 1626; x_wconf 88' lang='lat' dir='ltr'>structura</span> <span class='ocrx_word' id='word_1_190' title='bbox 982 1583 1117 1626; x_wconf 87' lang='lat' dir='ltr'>etiam</span> <span class='ocrx_word' id='word_1_191' title='bbox 1172 1583 1216 1625; x_wconf 89' lang='lat' dir='ltr'>in</span> <span class='ocrx_word' id='word_1_192' title='bbox 1262 1582 1445 1625; x_wconf 84' lang='lat' dir='ltr'>Horatii</span> <span class='ocrx_word' id='word_1_193' title='bbox 1493 1594 1751 1625; x_wconf 90' lang='lat' dir='ltr'>sermonem:</span> 
     </span>
     <span class='ocr_line' id='line_1_22' title="bbox 199 1655 1107 1711; baseline 0 -13"><span class='ocrx_word' id='word_1_194' title='bbox 199 1655 278 1709; x_wconf 86' lang='lat' dir='ltr'>Ep.</span> <span class='ocrx_word' id='word_1_195' title='bbox 311 1655 336 1697; x_wconf 93' lang='grc' dir='ltr'>Ι</span> <span class='ocrx_word' id='word_1_196' title='bbox 372 1658 496 1707; x_wconf 83' lang='lat'>16‚20</span> <span class='ocrx_word' id='word_1_197' title='bbox 529 1657 663 1700; x_wconf 74' lang='lat' dir='ltr'>alium</span> <span class='ocrx_word' id='word_1_198' title='bbox 694 1657 881 1711; x_wconf 64' lang='lat' dir='ltr'>sapiente</span> <span class='ocrx_word' id='word_1_199' title='bbox 912 1657 1107 1710; x_wconf 75' lang='lat' dir='ltr'>bonoque.</span> 
     </span>
    </p>

    <p class='ocr_par' dir='ltr' id='par_1_4' title="bbox 318 1721 1671 1777">
     <span class='ocr_line' id='line_1_23' title="bbox 318 1721 1671 1777; baseline -0.002 -9"><span class='ocrx_word' id='word_1_200' title='bbox 318 1726 465 1770; x_wconf 72' lang='lat' dir='ltr'>Aliubi</span> <span class='ocrx_word' id='word_1_201' title='bbox 499 1761 505 1769; x_wconf 96' lang='lat'><strong><em>.</em></strong></span> <span class='ocrx_word' id='word_1_202' title='bbox 543 1761 550 1769; x_wconf 94' lang='lat'><strong>.</strong></span> <span class='ocrx_word' id='word_1_203' title='bbox 584 1727 717 1770; x_wconf 72' lang='lat' dir='ltr'>aliubi</span> <span class='ocrx_word' id='word_1_204' title='bbox 750 1761 757 1769; x_wconf 91' lang='lat'><strong><em>.</em></strong></span> <span class='ocrx_word' id='word_1_205' title='bbox 794 1761 801 1769; x_wconf 92' lang='lat'><strong>.</strong></span> <span class='ocrx_word' id='word_1_206' title='bbox 836 1726 1038 1768; x_wconf 92' lang='lat' dir='ltr'>correlat.</span> <span class='ocrx_word' id='word_1_207' title='bbox 1071 1725 1096 1767; x_wconf 92' lang='grc' dir='ltr'>Ι</span> <span class='ocrx_word' id='word_1_208' title='bbox 1129 1728 1245 1777; x_wconf 67' lang='lat'>44,1;</span> <span class='ocrx_word' id='word_1_209' title='bbox 1280 1723 1403 1766; x_wconf 86' lang='lat' dir='ltr'>deest</span> <span class='ocrx_word' id='word_1_210' title='bbox 1436 1721 1550 1777; x_wconf 87' lang='lat' dir='ltr'>apud</span> <span class='ocrx_word' id='word_1_211' title='bbox 1582 1722 1671 1765; x_wconf 80' lang='lat' dir='ltr'>Cic.</span> 
     </span>
    </p>

    <p class='ocr_par' dir='ltr' id='par_1_5' title="bbox 201 1792 1750 1922">
     <span class='ocr_line' id='line_1_24' title="bbox 318 1792 1750 1851; baseline -0.003 -12"><span class='ocrx_word' id='word_1_212' title='bbox 318 1796 408 1840; x_wconf 74' lang='lat' dir='ltr'>Alii</span> <span class='ocrx_word' id='word_1_213' title='bbox 440 1816 495 1829; x_wconf 87' lang='lat'>=</span> <span class='ocrx_word' id='word_1_214' title='bbox 527 1797 681 1851; x_wconf 48' lang='lat' dir='ltr'>reliquii</span> <span class='ocrx_word' id='word_1_215' title='bbox 723 1796 774 1839; x_wconf 85' lang='grc' dir='ltr'>ΙΙ</span> <span class='ocrx_word' id='word_1_216' title='bbox 812 1799 922 1850; x_wconf 82' lang='lat'><em>10,2,</em></span> <span class='ocrx_word' id='word_1_217' title='bbox 973 1808 996 1838; x_wconf 93' lang='lat' dir='ltr'>e</span> <span class='ocrx_word' id='word_1_218' title='bbox 1028 1807 1223 1837; x_wconf 86' lang='lat' dir='ltr'>sermone</span> <span class='ocrx_word' id='word_1_219' title='bbox 1255 1793 1429 1848; x_wconf 85' lang='lat' dir='ltr'>vulgari</span> <span class='ocrx_word' id='word_1_220' title='bbox 1472 1796 1624 1847; x_wconf 80' lang='lat' dir='ltr'>ortum,</span> <span class='ocrx_word' id='word_1_221' title='bbox 1673 1792 1750 1835; x_wconf 88' lang='lat' dir='ltr'>cfr.</span> 
     </span>
     <span class='ocr_line' id='line_1_25' title="bbox 201 1864 693 1922; baseline -0.004 -12"><span class='ocrx_word' id='word_1_222' title='bbox 201 1866 403 1910; x_wconf 87' lang='lat' dir='ltr'>Schmalz</span> <span class='ocrx_word' id='word_1_223' title='bbox 435 1864 534 1907; x_wconf 83' lang='lat' dir='ltr'>Stil.</span> <span class='ocrx_word' id='word_1_224' title='bbox 569 1865 594 1922; x_wconf 62' lang='grc' dir='ltr'><strong>ξ</strong></span> <span class='ocrx_word' id='word_1_225' title='bbox 628 1870 693 1908; x_wconf 79' lang='grc'>29.</span> 
     </span>
    </p>

    <p class='ocr_par' dir='ltr' id='par_1_6' title="bbox 200 1933 1751 2415">
     <span class='ocr_line' id='line_1_26' title="bbox 321 1933 1751 1989; baseline -0.001 -12"><span class='ocrx_word' id='word_1_226' title='bbox 321 1940 357 1978; x_wconf 86' lang='lat'>3.</span> <span class='ocrx_word' id='word_1_227' title='bbox 394 1937 568 1989; x_wconf 70' lang='lat' dir='ltr'>Coepi.</span> <span class='ocrx_word' id='word_1_228' title='bbox 629 1936 715 1979; x_wconf 86' lang='lat' dir='ltr'>Est</span> <span class='ocrx_word' id='word_1_229' title='bbox 761 1937 882 1979; x_wconf 89' lang='lat' dir='ltr'>locus</span> <span class='ocrx_word' id='word_1_230' title='bbox 929 1936 1043 1989; x_wconf 89' lang='lat' dir='ltr'>apud</span> <span class='ocrx_word' id='word_1_231' title='bbox 1090 1935 1330 1980; x_wconf 87' lang='lat' dir='ltr'>Varronem</span> <span class='ocrx_word' id='word_1_232' title='bbox 1379 1934 1474 1989; x_wconf 83' lang='lat' dir='ltr'>(III</span> <span class='ocrx_word' id='word_1_233' title='bbox 1508 1933 1626 1989; x_wconf 81' lang='lat'>9‚12)</span> <span class='ocrx_word' id='word_1_234' title='bbox 1669 1945 1751 1986; x_wconf 88' lang='lat' dir='ltr'>quo</span> 
     </span>
     <span class='ocr_line' id='line_1_27' title="bbox 200 2003 1749 2058; baseline -0.002 -9"><span class='ocrx_word' id='word_1_235' title='bbox 200 2007 340 2050; x_wconf 84' lang='lat' dir='ltr'>forma</span> <span class='ocrx_word' id='word_1_236' title='bbox 371 2006 521 2051; x_wconf 87' lang='lat' dir='ltr'>activa</span> <span class='ocrx_word' id='word_1_237' title='bbox 552 2007 678 2050; x_wconf 92' lang='lat' dir='ltr'>huius</span> <span class='ocrx_word' id='word_1_238' title='bbox 701 2007 823 2051; x_wconf 88' lang='lat' dir='ltr'>verbi</span> <span class='ocrx_word' id='word_1_239' title='bbox 855 2018 949 2049; x_wconf 90' lang='lat' dir='ltr'>cum</span> <span class='ocrx_word' id='word_1_240' title='bbox 976 2005 1193 2049; x_wconf 86' lang='lat' dir='ltr'>infinitivo</span> <span class='ocrx_word' id='word_1_241' title='bbox 1213 2004 1391 2058; x_wconf 87' lang='lat' dir='ltr'>passivo</span> <span class='ocrx_word' id='word_1_242' title='bbox 1422 2004 1654 2046; x_wconf 90' lang='lat' dir='ltr'>coniuncta</span> <span class='ocrx_word' id='word_1_243' title='bbox 1676 2003 1749 2058; x_wconf 84' lang='lat' dir='ltr'>sit,</span> 
     </span>
     <span class='ocr_line' id='line_1_28' title="bbox 201 2075 1751 2130; baseline -0.001 -10"><span class='ocrx_word' id='word_1_244' title='bbox 201 2089 461 2130; x_wconf 88' lang='lat' dir='ltr'>quamquam</span> <span class='ocrx_word' id='word_1_245' title='bbox 508 2077 750 2121; x_wconf 87' lang='lat' dir='ltr'>subiectum</span> <span class='ocrx_word' id='word_1_246' title='bbox 792 2076 1012 2119; x_wconf 87' lang='lat' dir='ltr'>enuntiati</span> <span class='ocrx_word' id='word_1_247' title='bbox 1059 2075 1327 2118; x_wconf 89' lang='lat' dir='ltr'>indefinitum</span> <span class='ocrx_word' id='word_1_248' title='bbox 1374 2078 1463 2117; x_wconf 87' lang='lat' dir='ltr'>est:</span> <span class='ocrx_word' id='word_1_249' title='bbox 1512 2076 1751 2130; x_wconf 74' lang='lat' dir='ltr'>quadriduo</span> 
     </span>
     <span class='ocr_line' id='line_1_29' title="bbox 201 2144 1751 2205; baseline -0.004 -11"><span class='ocrx_word' id='word_1_250' title='bbox 201 2153 291 2205; x_wconf 76' lang='lat' dir='ltr'>post</span> <span class='ocrx_word' id='word_1_251' title='bbox 337 2164 464 2205; x_wconf 77' lang='lat' dir='ltr'>quam</span> <span class='ocrx_word' id='word_1_252' title='bbox 509 2150 708 2194; x_wconf 71' lang='lat' dir='ltr'>incubari</span> <span class='ocrx_word' id='word_1_253' title='bbox 754 2150 906 2205; x_wconf 48' lang='lat' dir='ltr'>coepi&amp;</span> <span class='ocrx_word' id='word_1_254' title='bbox 951 2159 1051 2190; x_wconf 90' lang='lat' dir='ltr'>nam</span> <span class='ocrx_word' id='word_1_255' title='bbox 1098 2146 1316 2189; x_wconf 87' lang='lat' dir='ltr'>erravisse</span> <span class='ocrx_word' id='word_1_256' title='bbox 1347 2145 1522 2188; x_wconf 79' lang='lat' dir='ltr'>videtur</span> <span class='ocrx_word' id='word_1_257' title='bbox 1552 2144 1751 2188; x_wconf 74' lang='lat' dir='ltr'>Wolfflin</span> 
     </span>
     <span class='ocr_line' id='line_1_30' title="bbox 202 2214 1748 2274; baseline -0.003 -12"><span class='ocrx_word' id='word_1_258' title='bbox 202 2218 275 2271; x_wconf 87' lang='lat' dir='ltr'>qui</span> <span class='ocrx_word' id='word_1_259' title='bbox 306 2217 439 2261; x_wconf 90' lang='lat' dir='ltr'>Arch.</span> <span class='ocrx_word' id='word_1_260' title='bbox 474 2218 543 2264; x_wconf 92' lang='lat' dir='ltr'>VI</span> <span class='ocrx_word' id='word_1_261' title='bbox 578 2222 655 2260; x_wconf 89' lang='lat'>101</span> <span class='ocrx_word' id='word_1_262' title='bbox 691 2217 787 2260; x_wconf 90' lang='lat' dir='ltr'>init.</span> <span class='ocrx_word' id='word_1_263' title='bbox 822 2223 1009 2274; x_wconf 71' lang='lat' dir='ltr'>coeptum</span> <span class='ocrx_word' id='word_1_264' title='bbox 1040 2223 1098 2261; x_wconf 79' lang='lat' dir='ltr'>est</span> <span class='ocrx_word' id='word_1_265' title='bbox 1128 2217 1371 2261; x_wconf 89' lang='lat' dir='ltr'>Varronem</span> <span class='ocrx_word' id='word_1_266' title='bbox 1404 2214 1630 2268; x_wconf 89' lang='lat' dir='ltr'>scripsisse</span> <span class='ocrx_word' id='word_1_267' title='bbox 1670 2214 1748 2257; x_wconf 89' lang='lat' dir='ltr'>ait.</span> 
     </span>
     <span class='ocr_line' id='line_1_31' title="bbox 201 2285 1748 2342; baseline -0.005 -10"><span class='ocrx_word' id='word_1_268' title='bbox 201 2289 437 2333; x_wconf 86' lang='lat' dir='ltr'>Structura</span> <span class='ocrx_word' id='word_1_269' title='bbox 470 2289 510 2332; x_wconf 87' lang='lat' dir='ltr'>ei</span> <span class='ocrx_word' id='word_1_270' title='bbox 543 2287 697 2331; x_wconf 91' lang='lat' dir='ltr'>similis</span> <span class='ocrx_word' id='word_1_271' title='bbox 730 2290 799 2331; x_wconf 92' lang='lat' dir='ltr'>est</span> <span class='ocrx_word' id='word_1_272' title='bbox 832 2300 959 2341; x_wconf 87' lang='lat' dir='ltr'>quam</span> <span class='ocrx_word' id='word_1_273' title='bbox 990 2288 1167 2341; x_wconf 77' lang='lat' dir='ltr'>Drager</span> <span class='ocrx_word' id='word_1_274' title='bbox 1203 2286 1228 2342; x_wconf 68' lang='grc' dir='ltr'>ξ</span> <span class='ocrx_word' id='word_1_275' title='bbox 1262 2290 1314 2326; x_wconf 83' lang='grc'>92</span> <span class='ocrx_word' id='word_1_276' title='bbox 1349 2307 1402 2319; x_wconf 91' lang='lat'><strong><em>=</em></strong></span> <span class='ocrx_word' id='word_1_277' title='bbox 1435 2299 1476 2339; x_wconf 90' lang='lat' dir='ltr'>p.</span> <span class='ocrx_word' id='word_1_278' title='bbox 1516 2289 1592 2325; x_wconf 84' lang='lat'>139</span> <span class='ocrx_word' id='word_1_279' title='bbox 1637 2285 1748 2328; x_wconf 89' lang='lat' dir='ltr'>med.</span> 
     </span>
     <span class='ocr_line' id='line_1_32' title="bbox 202 2357 1393 2415; baseline -0.003 -14"><span class='ocrx_word' id='word_1_280' title='bbox 202 2358 316 2413; x_wconf 89' lang='lat' dir='ltr'>apud</span> <span class='ocrx_word' id='word_1_281' title='bbox 346 2359 565 2413; x_wconf 87' lang='lat' dir='ltr'>Nepotem</span> <span class='ocrx_word' id='word_1_282' title='bbox 598 2359 768 2415; x_wconf 86' lang='lat' dir='ltr'>(Epam.</span> <span class='ocrx_word' id='word_1_283' title='bbox 806 2357 920 2413; x_wconf 83' lang='lat'>10‚3)</span> <span class='ocrx_word' id='word_1_284' title='bbox 953 2357 1058 2400; x_wconf 82' lang='lat' dir='ltr'>ferri</span> <span class='ocrx_word' id='word_1_285' title='bbox 1089 2369 1216 2410; x_wconf 90' lang='lat' dir='ltr'>posse</span> <span class='ocrx_word' id='word_1_286' title='bbox 1247 2358 1393 2410; x_wconf 87' lang='lat' dir='ltr'>negat.</span> 
     </span>
    </p>

    <p class='ocr_par' dir='ltr' id='par_1_7' title="bbox 200 2424 1751 2623">
     <span class='ocr_line' id='line_1_33' title="bbox 321 2424 1751 2480; baseline -0.004 -8"><span class='ocrx_word' id='word_1_287' title='bbox 321 2429 478 2473; x_wconf 88' lang='lat' dir='ltr'>Obiter</span> <span class='ocrx_word' id='word_1_288' title='bbox 518 2430 599 2472; x_wconf 91' lang='lat' dir='ltr'>hoc</span> <span class='ocrx_word' id='word_1_289' title='bbox 631 2440 953 2471; x_wconf 90' lang='lat' dir='ltr'>commemorem</span> <span class='ocrx_word' id='word_1_290' title='bbox 995 2439 1127 2480; x_wconf 89' lang='lat' dir='ltr'>saepe</span> <span class='ocrx_word' id='word_1_291' title='bbox 1164 2427 1406 2471; x_wconf 88' lang='lat' dir='ltr'>Varronem</span> <span class='ocrx_word' id='word_1_292' title='bbox 1446 2438 1522 2478; x_wconf 87' lang='lat' dir='ltr'>pro</span> <span class='ocrx_word' id='word_1_293' title='bbox 1564 2424 1751 2478; x_wconf 86' lang='lat' dir='ltr'>perfecti</span> 
     </span>
     <span class='ocr_line' id='line_1_34' title="bbox 202 2495 1748 2557; baseline -0.005 -15"><span class='ocrx_word' id='word_1_294' title='bbox 202 2499 341 2543; x_wconf 88' lang='lat' dir='ltr'>forma</span> <span class='ocrx_word' id='word_1_295' title='bbox 373 2502 512 2557; x_wconf 74' lang='lat' dir='ltr'>coepi</span> <span class='ocrx_word' id='word_1_296' title='bbox 534 2499 668 2542; x_wconf 89' lang='lat' dir='ltr'>etiam</span> <span class='ocrx_word' id='word_1_297' title='bbox 690 2509 900 2552; x_wconf 89' lang='lat' dir='ltr'>usurpare</span> <span class='ocrx_word' id='word_1_298' title='bbox 921 2499 1088 2554; x_wconf 71' lang='lat' dir='ltr'>incepi</span> <span class='ocrx_word' id='word_1_299' title='bbox 1116 2497 1237 2539; x_wconf 81' lang='lat' dir='ltr'>velut</span> <span class='ocrx_word' id='word_1_300' title='bbox 1259 2496 1284 2538; x_wconf 94' lang='lat' dir='ltr'>I</span> <span class='ocrx_word' id='word_1_301' title='bbox 1307 2499 1379 2545; x_wconf 76' lang='lat'>303</span> <span class='ocrx_word' id='word_1_302' title='bbox 1403 2496 1453 2538; x_wconf 84' lang='lat' dir='ltr'>II</span> <span class='ocrx_word' id='word_1_303' title='bbox 1479 2499 1595 2544; x_wconf 83' lang='lat'>11‚63</span> <span class='ocrx_word' id='word_1_304' title='bbox 1629 2495 1679 2537; x_wconf 90' lang='lat' dir='ltr'>X</span> <span class='ocrx_word' id='word_1_305' title='bbox 1703 2498 1748 2549; x_wconf 86' lang='lat'>9;</span> 
     </span>
     <span class='ocr_line' id='line_1_35' title="bbox 200 2569 817 2623; baseline -0.006 -10"><span class='ocrx_word' id='word_1_306' title='bbox 200 2570 278 2614; x_wconf 85' lang='lat' dir='ltr'>cfr.</span> <span class='ocrx_word' id='word_1_307' title='bbox 313 2569 572 2613; x_wconf 82' lang='lat' dir='ltr'>Thielmann</span> <span class='ocrx_word' id='word_1_308' title='bbox 601 2582 642 2623; x_wconf 91' lang='lat' dir='ltr'>p.</span> <span class='ocrx_word' id='word_1_309' title='bbox 678 2573 759 2610; x_wconf 77' lang='lat'>380</span> <span class='ocrx_word' id='word_1_310' title='bbox 785 2581 817 2611; x_wconf 93' lang='lat' dir='ltr'>s.</span> 
     </span>
    </p>

    <p class='ocr_par' dir='ltr' id='par_1_8' title="bbox 196 2627 1770 2909">
     <span class='ocr_line' id='line_1_36' title="bbox 320 2627 1770 2692; baseline -0.002 -11"><span class='ocrx_word' id='word_1_311' title='bbox 320 2645 358 2681; x_wconf 87' lang='lat'>4.</span> <span class='ocrx_word' id='word_1_312' title='bbox 401 2642 560 2692; x_wconf 77' lang='lat' dir='ltr'>Emo,</span> <span class='ocrx_word' id='word_1_313' title='bbox 601 2641 795 2690; x_wconf 70' lang='lat' dir='ltr'>vendo,</span> <span class='ocrx_word' id='word_1_314' title='bbox 836 2639 1007 2680; x_wconf 73' lang='lat' dir='ltr'>venio.</span> <span class='ocrx_word' id='word_1_315' title='bbox 1069 2636 1142 2679; x_wconf 91' lang='lat' dir='ltr'>Ad</span> <span class='ocrx_word' id='word_1_316' title='bbox 1185 2635 1515 2691; x_wconf 87' lang='lat' dir='ltr'>significandum</span> <span class='ocrx_word' id='word_1_317' title='bbox 1561 2627 1770 2690; x_wconf 53' lang='lat' dir='ltr'>pretium&#39;</span> 
     </span>
     <span class='ocr_line' id='line_1_37' title="bbox 204 2705 1746 2761; baseline -0.004 -7"><span class='ocrx_word' id='word_1_318' title='bbox 204 2712 349 2756; x_wconf 87' lang='lat' dir='ltr'>Varro</span> <span class='ocrx_word' id='word_1_319' title='bbox 392 2722 477 2753; x_wconf 90' lang='lat' dir='ltr'>non</span> <span class='ocrx_word' id='word_1_320' title='bbox 518 2722 617 2753; x_wconf 88' lang='lat' dir='ltr'>raro</span> <span class='ocrx_word' id='word_1_321' title='bbox 658 2711 768 2752; x_wconf 90' lang='lat' dir='ltr'>haec</span> <span class='ocrx_word' id='word_1_322' title='bbox 810 2709 943 2752; x_wconf 86' lang='lat' dir='ltr'>verba</span> <span class='ocrx_word' id='word_1_323' title='bbox 983 2706 1206 2761; x_wconf 87' lang='lat' dir='ltr'>coniungit</span> <span class='ocrx_word' id='word_1_324' title='bbox 1249 2719 1343 2749; x_wconf 88' lang='lat' dir='ltr'>cum</span> <span class='ocrx_word' id='word_1_325' title='bbox 1376 2705 1582 2749; x_wconf 89' lang='lat' dir='ltr'>adverbio</span> <span class='ocrx_word' id='word_1_326' title='bbox 1616 2721 1746 2750; x_wconf 78' lang='lat' dir='ltr'>care:</span> 
     </span>
     <span class='ocr_line' id='line_1_38' title="bbox 202 2776 1748 2835; baseline -0.005 -10"><span class='ocrx_word' id='word_1_327' title='bbox 202 2783 228 2825; x_wconf 95' lang='lat' dir='ltr'>I</span> <span class='ocrx_word' id='word_1_328' title='bbox 269 2784 365 2835; x_wconf 85' lang='lat'>16‚3</span> <span class='ocrx_word' id='word_1_329' title='bbox 410 2782 524 2825; x_wconf 74' lang='lat' dir='ltr'>unde</span> <span class='ocrx_word' id='word_1_330' title='bbox 564 2796 654 2826; x_wconf 72' lang='lat' dir='ltr'>non</span> <span class='ocrx_word' id='word_1_331' title='bbox 699 2795 792 2824; x_wconf 69' lang='lat' dir='ltr'>care</span> <span class='ocrx_word' id='word_1_332' title='bbox 835 2794 964 2822; x_wconf 77' lang='lat' dir='ltr'>emere</span> <span class='ocrx_word' id='word_1_333' title='bbox 997 2779 1160 2834; x_wconf 73' lang='lat' dir='ltr'>possis;</span> <span class='ocrx_word' id='word_1_334' title='bbox 1201 2776 1273 2819; x_wconf 89' lang='lat' dir='ltr'>III</span> <span class='ocrx_word' id='word_1_335' title='bbox 1315 2780 1381 2829; x_wconf 85' lang='lat'>5‚2</span> <span class='ocrx_word' id='word_1_336' title='bbox 1424 2792 1519 2820; x_wconf 76' lang='lat' dir='ltr'>aves</span> <span class='ocrx_word' id='word_1_337' title='bbox 1551 2810 1560 2820; x_wconf 85' lang='lat'>.</span> <span class='ocrx_word' id='word_1_338' title='bbox 1596 2811 1604 2820; x_wconf 97' lang='lat'><em>.</em></span> <span class='ocrx_word' id='word_1_339' title='bbox 1643 2791 1748 2832; x_wconf 70' lang='lat' dir='ltr'>quae</span> 
     </span>
     <span class='ocr_line' id='line_1_39' title="bbox 196 2846 1748 2909; baseline -0.005 -12"><span class='ocrx_word' id='word_1_340' title='bbox 196 2853 382 2909; x_wconf 69' lang='lat' dir='ltr'>pinques</span> <span class='ocrx_word' id='word_1_341' title='bbox 422 2857 605 2897; x_wconf 72' lang='lat' dir='ltr'>veneunt</span> <span class='ocrx_word' id='word_1_342' title='bbox 646 2865 763 2905; x_wconf 73' lang='lat' dir='ltr'>cccre;</span> <span class='ocrx_word' id='word_1_343' title='bbox 807 2848 884 2892; x_wconf 91' lang='grc' dir='ltr'>ΠΙ</span> <span class='ocrx_word' id='word_1_344' title='bbox 919 2851 1042 2902; x_wconf 84' lang='grc'>16,32</span> <span class='ocrx_word' id='word_1_345' title='bbox 1087 2846 1308 2903; x_wconf 84' lang='lat' dir='ltr'>(propolis)</span> <span class='ocrx_word' id='word_1_346' title='bbox 1352 2848 1495 2892; x_wconf 71' lang='lat' dir='ltr'>carius</span> <span class='ocrx_word' id='word_1_347' title='bbox 1534 2847 1585 2891; x_wconf 75' lang='lat' dir='ltr'>in</span> <span class='ocrx_word' id='word_1_348' title='bbox 1626 2861 1748 2891; x_wconf 75' lang='lat' dir='ltr'>sacra</span> 
     </span>
    </p>
   </div>
  </div>
 </body>
</html>
