1833 3048
258 166 382 221 Quod
425 167 668 220 exemplum
712 180 806 210 cum
851 180 900 210 eo
943 170 1142 213 conferas
1185 171 1296 223 quod
1339 172 1467 216 affert
1509 174 1690 218 Thielm.

136 252 174 292 p.
209 242 291 278 416
326 238 439 292 (uter
475 240 747 293 potissimam
778 259 833 273 =
865 245 960 283 uter
992 240 1156 295 potius)
1196 245 1274 284 aut
1313 255 1406 285 cum
1446 244 1508 286 eis
1546 246 1691 288 verbis

138 321 249 361 quae
290 309 497 362 leguntur
538 309 652 362 apud
685 308 813 352 Varr.
848 309 916 354 VI
961 313 1013 350 22
1062 310 1151 365 (sed
1191 314 1300 367 qnod
1340 315 1392 356 de
1434 316 1501 358 lzz's
1547 318 1690 371 prius,

134 381 180 423 id
213 378 306 434 —-),
339 378 412 421 ubi
442 391 520 432 pro
553 381 680 434 quod
712 380 960 432 exspectari
992 383 1170 433 poterat
1202 388 1399 437 utrumj
1437 396 1520 435 qua
1560 385 1612 428 de
1643 398 1689 428 re

135 450 211 492 cfr.
244 450 456 492 Kiihnast
498 463 538 503 p.
591 453 686 492 200.
759 450 926 492 Caesar
965 451 1010 492 in
1052 451 1203 494 eadem
1245 454 1468 496 sententia
1510 455 1576 498 bis
1618 469 1689 499 ex-

133 520 358 575 primenda
400 520 579 564 varians
622 520 807 563 diversis
860 521 1094 563 structuris
1146 534 1248 564 usus
1297 527 1384 576 est3
1439 538 1533 567 oum
1577 527 1688 569 enim

134 593 182 634 B.
218 592 273 635 G.
309 592 351 636 V
385 595 439 631 44
471 591 528 633 in.
561 591 741 633 dixerit:
775 593 838 635 Hi
857 627 865 634 .
887 626 894 634 .
918 594 1033 636 inter
1064 609 1106 637 se
1137 597 1442 639 controoersias
1472 598 1685 653 habebant,

131 665 340 719 quinam
360 665 659 718 ccazteferretur,
694 664 881 705 exeunte
911 663 1056 715 eapite
1086 663 1265 718 legitur:
1298 699 1334 708 ..
1364 671 1478 710 uter
1508 670 1617 711 utri
1648 699 1685 711 ..

130 735 433 790 anteferendus
465 735 690 777 videretur·

849 849 873 905 ξ
910 854 974 891 12.

245 934 345 976 Iam
375 945 515 986 pauca
545 931 746 974 addenda
769 931 820 973 de
844 932 1075 976 adieetivis
1099 933 1191 975 sine
1214 934 1491 978 substantivo
1514 936 1682 989 positis.

131 1005 321 1060 Quorum
353 1004 397 1046 in
430 1006 665 1056 conspectu
696 1003 871 1056 Drager
903 1017 941 1055 p.
967 1007 1020 1044 47
1055 1016 1144 1056 sqq.
1178 1004 1286 1046 haec
1309 1017 1419 1056 quae
1443 1007 1498 1048 ad
1522 1008 1683 1051 Varro-

127 1088 224 1118 nem
256 1074 482 1128 pertinent
515 1072 672 1115 omisit.

244 1147 298 1189 H
301 1162 322 1189 0
332 1161 355 1189 r
365 1161 392 1189 a
413 1143 634 1186 omittitur
661 1155 746 1185 non
769 1142 883 1195 apud
905 1143 1158 1187 Iuvenalem
1181 1143 1376 1198 primum,
1411 1145 1486 1187 sed
1507 1150 1684 1199 praeter

125 1217 234 1259 Hor.
267 1217 348 1268 Ep.
383 1216 408 1257 I
443 1219 478 1267 7,
517 1218 565 1255 71
603 1214 658 1256 31.
691 1214 779 1256 13111
812 1214 927 1266 apud
960 1215 1201 1257 Varronem
1233 1215 1284 1256 II
1319 1219 1392 1263 11,
1429 1220 1451 1255 9
1493 1216 1598 1271 (dies
1629 1220 1684 1262 ad

126 1303 217 1332 eam
246 1303 335 1331 rem
365 1290 600 1330 szmzmztur
630 1286 789 1335 sereni,
831 1290 868 1327 et
902 1287 954 1328 iis
986 1287 1030 1328 id
1059 1287 1231 1341 faeizmt
1260 1287 1348 1341 fere
1386 1302 1410 1329 a
1444 1293 1597 1340 quarta
1628 1291 1683 1332 acl

124 1356 344 1412 decimam)
374 1356 449 1398 cfr.
474 1356 671 1398 Kettner
692 1354 829 1397 ‘Krit
855 1353 989 1396 Beni.²
1015 1369 1054 1408 p.
1083 1359 1156 1403 133
1192 1355 1374 1396 Thielm.
1398 1368 1435 1407 p.
1461 1361 1542 1397 427
1569 1362 1680 1400 extr.

124 1428 330 1472 Formula
363 1430 515 1481 aperte
548 1439 601 1468 ex
633 1438 828 1468 sermone
876 1425 1096 1467 cotidiano
1136 1425 1361 1467 translata
1401 1429 1488 1479 est3
1529 1428 1680 1470 eadem

122 1499 320 1542 brevitas
354 1497 489 1540 etiam
520 1497 794 1539 nostratibus
827 1495 1133 1538 usitatissima.

239 1570 411 1625 Linyu
424 1584 449 1611 a
471 1568 565 1612 VII
589 1572 640 1607 55
675 1569 723 1612 ire
759 1569 908 1621 latina,
943 1565 1153 1618 siquidem
1187 1565 1313 1608 salva
1345 1565 1563 1620 scriptura
1595 1572 1676 1611 est.

239 1641 493 1694 Purpura
534 1638 610 1680 III
654 1641 726 1685 17,
774 1640 823 1678 10
868 1653 962 1680 earn
1004 1639 1101 1681 Zara.
1175 1636 1260 1677 Pro
1296 1650 1498 1691 purpura
1541 1639 1677 1681 multo

121 1710 330 1753 usitatior
369 1712 437 1751 est
475 1721 558 1751 vox
598 1710 722 1762 clari,
767 1707 844 1749 sed
881 1707 1015 1749 etiam
1053 1706 1167 1760 apud
1200 1705 1382 1761 Quintil.
1422 1708 1498 1750 XI
1536 1709 1559 1760 ξ
1597 1713 1675 1750 139

114 1796 318 1838 purpura
350 1778 571 1834 signifieat
604 1780 780 1832 clamare,
814 1777 890 1820 cfr.
915 1777 1188 1829 Marquardt,
1222 1776 1492 1820 ‘Priv.-Alt.’
1526 1791 1566 1831 p.
1593 1783 1675 1820 530

119 1855 208 1894 not.
244 1856 282 1892 4.

238 1923 466 1965 Granum
496 1921 521 1963 Ι
553 1925 621 1970 44,
661 1924 678 1959 1
715 1922 825 1961 extr.
859 1925 1028 1964 tanet-nm
1049 1921 1155 1963 valet
1175 1920 1289 1975 regtz‘o
1311 1933 1359 1961 ae
1381 1933 1518 1974 yerzsus
1538 1925 1676 1963 terrae

118 1998 167 2037 ut
198 2009 248 2037 ex
280 1993 415 2035 eodem
437 1993 596 2036 semine
617 1992 750 2035 aliubi
773 2007 866 2034 carn
892 1992 1047 2034 decimo
1069 1991 1220 2043 redeat,
1254 1991 1387 2032 aliubi
1410 2005 1503 2032 eam
1525 1991 1674 2044 quinto

118 2065 288 2108 decimo.
352 2062 601 2104 Formulam
639 2062 833 2110 brevem,
878 2061 922 2103 in
961 2073 1046 2113 qua
1087 2060 1221 2102 etiam
1254 2059 1495 2101 subiectum
1529 2059 1675 2102 omitti

117 2135 315 2186 poterat,
364 2132 481 2174 inter
532 2131 741 2173 terminos
796 2131 1020 2174 technioos
1085 2129 1158 2182 qui
1203 2129 1334 2183 vulgo
1395 2130 1674 2172 nominantur

118 2203 430 2246 numerandam
463 2214 559 2245 esse
582 2204 778 2254 apparet.
828 2200 1039 2243 Similiter
1068 2199 1219 2242 Cicero
1242 2201 1367 2244 Verr.
1401 2199 1477 2241 III
1503 2203 1582 2240 112
1608 2213 1671 2252 sq.

118 2290 218 2330 ayer
257 2276 389 2330 efficit
427 2289 522 2316 eum
554 2278 705 2316 oetaro.
738 2297 795 2303 —
826 2272 895 2314 De
926 2282 1100 2313 numero
1134 2269 1319 2311 ordinali
1349 2282 1427 2322 pro
1459 2270 1673 2313 cardinali

117 2344 194 2386 cfr.
229 2356 264 2386 e.
299 2356 340 2397 g.
374 2344 469 2386 Iuv.
502 2343 527 2385 I
563 2347 629 2382 64.

235 2413 364 2456 Addo
398 2413 491 2466 (cfr.
513 2413 724 2455 Kiihnast
755 2425 795 2465 p.
830 2417 883 2453 45
914 2411 1021 2463 adn3
1055 2410 1233 2452 Kiihner
1253 2423 1293 2462 p.
1333 2414 1434 2463 1703
1469 2410 1669 2453 Schmalz

114 2497 155 2537 p.
194 2484 315 2537 2537)
356 2482 592 2537 participia
624 2483 718 2525 sine
749 2482 920 2525 nomine
951 2481 1116 2534 posita:
1166 2481 1286 2523 VIII
1320 2485 1371 2520 55
1414 2484 1524 2522 extr.
1565 2495 1671 2535 qaae

115 2556 319 2608 quoniam
370 2556 614 2598 admonitus
658 2555 895 2605 perspicere
930 2556 1075 2604 potest,
1120 2552 1285 2604 emittm·
1326 2551 1401 2592 IX
1445 2554 1497 2590 98
1540 2553 1602 2594 sie
1630 2585 1668 2595 ..

114 2626 441 2676 reprehendenti
473 2626 719 2677 responderet
743 2628 902 2676 potest:
931 2623 956 2664 I
982 2625 1046 2675 14,
1085 2625 1102 2661 1
1130 2622 1241 2662 extr.
1277 2620 1425 2662 addito
1449 2620 1668 2664 adiectivo

113 2697 419 2747 saepimentzmz
468 2728 475 2738 .
503 2729 510 2737 .
538 2729 546 2738 .
573 2729 581 2737 .
627 2695 942 2746 praetereuntis
995 2693 1140 2736 lasciva·
1191 2706 1281 2735 ozon
1332 2697 1484 2735 metuet
1534 2694 1669 2747 facem

113 2766 340 2808 ardentem.
