1833 3048
874 816 986 859 Pars
1017 817 1054 859 I.

379 924 514 999 De
554 923 925 1012 syntaxi
961 921 1552 997 Varroniana.

481 1121 537 1180 Α.
563 1120 643 1180 De
673 1120 1018 1180 enuntiatis
1046 1118 1451 1196 simplicibus

843 1238 878 1282 O
891 1250 918 1281 a
930 1251 956 1292 p
969 1251 997 1282 u
1008 1242 1029 1281 t
1059 1238 1094 1280 Ι.

762 1332 833 1376 De
866 1329 1172 1387 praedicato.

922 1438 1007 1491 §L

309 1521 417 1565 Cum
464 1521 580 1576 apud
628 1534 773 1564 omnes
822 1520 1059 1574 scriptores
1102 1519 1290 1562 Latinos
1337 1518 1421 1561 loci
1467 1518 1747 1562 inveniantur

194 1593 347 1645 quibus
391 1592 693 1647 praedicatum
737 1594 910 1634 constet
953 1603 1006 1633 ex
1048 1591 1180 1634 verbo
1222 1588 1502 1633 substantivo
1544 1601 1639 1631 cum
1671 1589 1746 1632 ad-

190 1662 339 1707 verbio
373 1662 657 1715 coniunct01),
692 1660 992 1707 Varronianos
1014 1661 1092 1704 hos
1121 1664 1295 1704 tantum
1317 1660 1409 1703 fere
1430 1660 1559 1711 locos,
1593 1659 1745 1712 quibus

192 1734 265 1777 hic
297 1746 400 1778 usus
431 1734 579 1788 paullo
601 1732 886 1776 insolentiore
908 1731 1082 1775 ratione
1104 1731 1320 1774 admissus
1352 1733 1434 1784 est,
1467 1729 1746 1783 proferendos

190 1804 364 1859 putavi:

310 1876 336 1919 I
370 1879 465 1930 13,6
500 1889 606 1930 quae
637 1891 757 1921 mmo
788 1880 891 1920 sunt
914 1875 1118 1931 pleraque
1150 1879 1309 1919 eontra.

313 1946 389 1990 cfr.
422 1946 499 1990 III
532 1950 601 1996 2‚4
634 1961 742 2003 quae
773 1947 862 1990 illio
893 1947 1038 1990 omnia
1069 1950 1216 1990 contra
1248 1942 1452 2001 [aarum]

311 2017 336 2060 I
385 2020 478 2066 16‚1
525 2018 564 2062 si
611 2018 715 2073 quid
756 2018 818 2061 ita
859 2021 946 2060 est.
973 2050 980 2060 .
1007 2050 1015 2059 .
1039 2021 1087 2060 ut
1126 2017 1287 2061 ‘nostris
1332 2016 1449 2072 ayris
1487 2016 1627 2070 prosit
1672 2019 1747 2058 aut

192 2093 350 2134 noceat.

312 2158 382 2203 VI
415 2162 466 2200 47
502 2159 612 2214 quod
641 2159 816 2203 animus
845 2159 908 2202 ita
939 2163 998 2202 est
1028 2163 1076 2201 ut
1100 2192 1107 2200 .
1132 2191 1139 2199 .
1165 2191 1173 2200 .
1190 2157 1376 2212 pervolet
1406 2169 1487 2208 quo
1518 2156 1612 2199 volt.

310 2228 335 2271 I
378 2232 473 2279 20‚1
519 2230 637 2286 myri·
680 2226 748 2285 [3.]
788 2230 931 2285 potius
962 2243 1089 2284 quam
1120 2228 1244 2272 aliter
1285 2232 1334 2271 ut
1373 2228 1490 2280 sim&
1531 2236 1613 2277 quo
1654 2223 1748 2267 1000

201 2298 335 2341 etiam
367 2299 512 2353 potuit
544 2298 675 2342 scribi
706 2300 790 2344 alio
822 2300 967 2354 colore,
1001 2298 1112 2351 quod
1143 2296 1308 2352 legitur
1337 2297 1389 2339 H
1421 2299 1531 2350 5,10.

319 2367 441 2412 VIII
477 2373 526 2410 13
552 2372 683 2426 prius
724 2371 839 2414 enim
878 2385 1034 2414 nomen
1076 2374 1134 2413 est
1174 2383 1301 2424 quam
1342 2368 1510 2411 verbum
1550 2371 1669 2422 temp.
1712 2370 1749 2410 et

199 2441 367 2495 reliqua
381 2442 595 2496 posterius
616 2456 744 2496 quam
763 2455 918 2485 nomen
940 2445 977 2484 et
997 2441 1176 2484 verbum.
1221 2437 1308 2480 Gfr.
1333 2436 1421 2480 Cic.
1442 2437 1566 2479 Brut.
1592 2439 1747 2489 83‚288

206 2510 481 2567 Thucydides
510 2513 550 2555 si
574 2513 788 2567 posterius
818 2512 986 2566 fuisset3
1020 2521 1100 2551 nec
1141 2511 1289 2550 tamen
1329 2507 1459 2560 plane
1496 2506 1648 2549 eadem
1679 2506 1749 2548 est

192 2579 259 2623 vis
291 2579 413 2623 verbi
444 2580 727 2623 substantivi.

315 2707 343 2752 ¹)
369 2706 442 2742 Cfr.
471 2707 671 2751 Stinner,
695 2707 753 2743 ‘de
785 2717 827 2743 00
854 2716 923 2751 quo
958 2705 1085 2741 Cicero
1118 2705 1155 2740 in
1181 2703 1350 2749 epistulis
1375 2713 1463 2738 usus
1489 2707 1547 2739 est
1571 2702 1745 2739 sermone’

198 2775 282 2809 pag.
299 2767 344 2800 24
361 2775 413 2809 sq.
442 2764 470 2800 O
489 2764 519 2799 R
531 2764 705 2811 ebling,
731 2764 906 2801 ‘Versuch
925 2764 1026 2800 einer
1044 2762 1337 2798 Charakteristik
1354 2763 1418 2798 der
1434 2765 1523 2797 rb'm.
1542 2761 1746 2806 Umgangs-

192 2822 353 2868 sprache’
380 2823 465 2860 Kiel
493 2824 583 2860 1873
607 2834 690 2869 pag.
719 2826 748 2860 7.
