1833 3048
795 60 1086 97 ...29—

163 171 494 226 significandam
522 171 736 214 rationem
759 171 875 215 inter
896 175 1124 226 utrumque
1148 173 1421 216 enuntiatum
1444 173 1714 215 interceden-

163 245 252 285 tem
287 242 454 286 omnino
486 242 606 285 nulla
637 254 723 286 vox
754 242 813 285 sit
844 246 1056 296 usurpata
1089 242 1130 298 (ξ
1166 247 1232 284 24.
1269 242 1354 298 25),
1395 255 1452 285 an
1482 255 1715 296 pronomen

163 313 397 356 relativum
429 315 468 365 (ξ
503 314 710 366 26-31),
747 325 802 355 an
836 313 1096 356 coniunctio.
1161 313 1357 356 Tertiam
1389 316 1559 366 partem
1592 313 1715 356 omisi

163 383 364 435 quoniam
386 383 557 426 Reiteri
581 383 889 425 commentatio
912 384 1119 437 suppetit.
1184 382 1349 426 Contra
1372 383 1715 437 subiungendam

160 453 264 495 mihi
305 466 400 496 esse
433 454 663 496 censebam
695 455 866 497 brevem
904 454 1225 496 enarrationem
1257 453 1474 496 modorum
1507 453 1552 495 in
1585 466 1715 496 enun-

162 524 289 566 tiatis
323 523 591 567 secundariis
624 527 930 578 usurpatorum
963 523 1006 580 (§
1041 524 1246 578 32—37).

873 655 896 706 ξ
932 657 998 694 24.

283 736 443 778 Eorum
471 736 699 779 verborum
728 738 1005 788 conspectum
1028 735 1182 787 quibus
1212 735 1446 788 apponitur
1479 735 1714 778 coniuncti-

163 819 256 859 VUS,
290 806 327 849 is
350 806 521 858 quidem
553 819 606 849 ex
636 805 844 859 parataxi
874 805 1050 848 duorum
1073 805 1398 848 enuntiatorum
1421 808 1541 847 ortus
1575 805 1716 861 (velut

162 879 298 921 satius
330 882 387 921 est
418 878 562 930 dicas),
596 876 696 920 vide
729 876 843 930 apud
872 876 1099 918 Reiterum
1131 890 1171 929 p.
1207 880 1258 917 41
1277 881 1393 917 -45,
1444 875 1715 931 Quamquam

164 948 298 989 multo
341 947 504 990 rectius
545 960 672 999 quam
715 947 796 1001 hic,
832 946 904 999 qui
935 947 1197 1000 particulam
1229 954 1283 991 ut
1320 946 1573 995 ‚‚omissam“
1619 958 1715 989 esse

163 1016 403 1067 existimat,
437 1017 646 1060 eiusmodi
677 1019 946 1060 structuram
979 1017 1223 1061 illustravit
1247 1017 1448 1060 Schmalz
1473 1017 1545 1071 Sy.
1571 1017 1593 1071 ξ
1619 1020 1714 1058 208.

879 1149 904 1199 ξ
938 1150 1006 1190 25.

278 1229 375 1271 Iam
407 1228 460 1271 de
497 1227 767 1273 infinitivi
798 1240 878 1271 usu
910 1228 1186 1275 Varroniano
1219 1241 1359 1282 pauca
1392 1227 1588 1271 dicenda.

281 1299 387 1342 Cum
430 1301 577 1342 autem
626 1312 710 1342 non
753 1299 861 1342 adeo
903 1312 1087 1354 magnus
1139 1300 1198 1342 sit
1240 1312 1440 1342 numerus
1488 1299 1714 1343 verborum

163 1382 338 1422 quorum
372 1370 416 1412 in
448 1373 672 1413 structura
703 1370 846 1415 Varro
885 1370 1103 1423 discrepet
1147 1383 1173 1412 a
1210 1370 1422 1413 communi
1455 1370 1715 1422 scriptorum

164 1441 496 1490 consuetudine,
544 1442 680 1483 verba
728 1454 840 1493 quae
893 1441 1171 1483 memoranda
1218 1453 1313 1483 esse
1360 1441 1464 1482 mihi
1511 1439 1715 1483 videntur

163 1511 359 1554 breviter
391 1512 651 1554 enumerabo
684 1511 842 1554 omissa
875 1511 1173 1564 disputatione
1194 1511 1272 1553 illa
1295 1510 1549 1553 difficillima
1572 1510 1624 1552 de
1651 1509 1714 1552 in-

161 1581 321 1625 finitivi
363 1582 528 1636 origine
570 1595 621 1624 ac
658 1582 832 1635 propria
869 1581 1066 1634 notione,
1112 1594 1205 1624 cum
1247 1582 1355 1624 haec
1393 1580 1592 1633 quaestio
1630 1592 1715 1622 non

161 1655 254 1694 tam
286 1653 343 1695 ad
379 1653 504 1695 unius
535 1652 747 1698 Varronis
785 1665 922 1706 genus
960 1652 1131 1695 dicendi
1164 1655 1336 1705 spectet
1374 1664 1500 1704 quarn
1534 1651 1591 1693 ad
1622 1650 1714 1693 uni-

162 1735 334 1767 versam
365 1723 700 1778 grammaticam
731 1723 926 1765 latinam.

280 1793 515 1837 Coniunxit
538 1794 676 1848 igitur
698 1795 841 1839 Varro
864 1793 1138 1847 infinitivum,
1174 1791 1563 1836 commodissimam
1591 1790 1714 1833 nimi-

162 1876 255 1906 rum
303 1864 490 1907 sermoni
537 1864 757 1906 cotidiano
806 1867 1073 1906 structuram
1108 1863 1199 1917 (cfr.
1234 1863 1493 1906 Thielmann
1534 1876 1575 1915 p.
1610 1865 1712 1914 4283

164 1932 215 1976 O.
235 1934 425 1989 Rebling
447 1934 663 1980 ‘Versuch
685 1947 721 1977 e.
747 1934 960 1977 Charakt.
986 1934 1022 1976 d.
1045 1938 1148 1976 rom.
1173 1933 1504 1988 Umgangsspr.'
1533 1946 1573 1985 p.
1603 1931 1714 1988 15)¹)

163 2017 257 2047 cum
299 2005 446 2048 verbis
495 2005 751 2058 quibusdam
792 2005 876 2059 ita,
924 2008 974 2047 ut
1020 2004 1140 2046 notio
1195 2004 1339 2046 finalis
1392 2003 1432 2046 ei
1483 2002 1610 2051 insit,
1659 2002 1715 2044 ad

165 2088 294 2127 quam
327 2075 650 2129 exprimendam
682 2075 859 2129 probati
901 2078 1103 2118 auctores
1145 2075 1395 2128 plerumque
1437 2072 1536 2115 aliis
1575 2076 1714 2115 struc-

162 2145 275 2188 turis
298 2145 364 2188 usi
386 2148 488 2188 sunt
512 2146 623 2199 (sive
647 2145 797 2198 supino
821 2145 914 2188 sive
931 2145 1152 2198 particula
1174 2148 1263 2197 ut);
1287 2145 1409 2188 velut
1427 2157 1449 2186 e
1472 2145 1715 2188 veniendi

159 2217 296 2260 verbo
329 2217 401 2269 qui
432 2217 594 2270 pendet
626 2216 881 2265 infinitivus,
916 2228 965 2258 eo
1000 2215 1256 2268 exprimitur
1288 2228 1369 2268 quo
1405 2213 1500 2267 quis
1534 2213 1712 2256 consilio

159 2287 331 2330 veniat:
354 2287 406 2330 Π
426 2292 489 2340 1,1
512 2287 618 2331 Cum
641 2318 649 2327 .
675 2319 683 2327 .
709 2318 717 2326 .
741 2289 874 2331 visere
891 2289 1160 2331 venissemus.
1195 2284 1420 2328 Eiusmodi
1444 2288 1714 2327 structuram

282 2439 309 2481 1)
337 2439 386 2473 VI
412 2439 456 2474 89
490 2438 664 2483 leguntur
701 2444 873 2481 quattuor
906 2437 1079 2472 infinitivi
1112 2437 1279 2480 deinceps
1310 2436 1509 2480 pendentes
1544 2435 1638 2470 alter
1670 2445 1714 2470 ex

163 2497 281 2532 altero
312 2496 509 2532 Cosconius
537 2524 543 2531 .
571 2523 578 2530 .
605 2497 728 2531 scribit
752 2500 963 2542 praetorem
997 2505 1187 2529 accensum
1213 2494 1353 2528 solitum
1379 2505 1459 2529 esse
1485 2494 1607 2528 iubere
1633 2519 1641 2526 .
1668 2521 1675 2529 .
1703 2519 1711 2528 .

161 2555 360 2590 inclamare
393 2556 519 2591 lzoram
552 2566 631 2590 esse
665 2556 824 2596 tertiam;
863 2558 900 2589 et
935 2555 988 2588 IX
1019 2555 1064 2588 43
1102 2552 1372 2588 animadvertas
1406 2559 1482 2587 tres
1514 2551 1712 2587 infinitivos

161 2614 325 2657 proxime
357 2614 454 2649 inter
488 2625 525 2650 se
559 2615 696 2659 positos
735 2614 858 2648 dicunt
888 2612 1001 2647 simile
1033 2613 1079 2647 sit
1108 2623 1220 2646 necne
1252 2623 1377 2646 nomen
1412 2611 1547 2645 nomini
1576 2610 1712 2656 impru-
1753 2640 1756 2642 .

163 2672 289 2707 denter
306 2672 557 2707 Aristarchum
573 2674 789 2719 praecipere
816 2678 983 2717 oportere
1009 2674 1174 2716 spectare
1200 2681 1272 2704 non
1298 2669 1413 2704 solnm
1439 2680 1488 2704 esc
1514 2673 1620 2712 recto,
1647 2668 1714 2703 scd

160 2731 264 2765 etiam
305 2742 354 2765 eo:
393 2742 517 2765 eorum
555 2732 708 2766 vocandi
744 2742 842 2766 casu.
903 2731 994 2765 Tres
1025 2728 1195 2763 infinitivi
1230 2732 1316 2763 sunt
1347 2739 1376 2763 e.
1403 2739 1439 2772 g.
1474 2727 1584 2763 etiam
1617 2727 1712 2771 apud

163 2788 235 2824 Cic.
254 2789 358 2824 Verr.
378 2790 415 2823 II
436 2791 464 2832 1,
481 2791 547 2824 123
573 2791 715 2834 (docent
740 2800 812 2824 non
838 2791 1005 2834 oportere
1023 2798 1061 2822 se
1086 2787 1124 2821 id
1148 2787 1274 2821 iurare
1298 2786 1300 2831 J
1323 2785 1520 2830 acliurareyi
1542 2786 1712 2831 facturos

162 2847 255 2892 esse)
283 2847 346 2883 sed
373 2848 586 2892 pronomina
611 2847 829 2892 interposita
856 2850 950 2881 sunt.
