1833 3048
792 95 836 128 11

174 221 361 260 urinam:
404 224 447 261 L.
477 224 522 261 L.
554 223 598 270 V,
632 225 705 261 126
751 222 920 261 minant
950 230 987 261 et
1025 223 1124 262 infra
1154 221 1344 270 eirinare3
1368 222 1383 269 ΙΙ
1404 219 1570 258 urinam*

65 289 140 328 Cic.
171 289 267 327 Plin.

175 356 289 393 Notio
319 357 469 402 passiva
497 357 596 393 inest
626 356 750 392 verbis
779 356 1052 402 deponentibus
1084 357 1160 392 his:

175 417 308 459 abuti:
341 422 462 459 Varro
492 432 552 467 ap.
574 420 694 458 Prisc.
716 423 763 468 II,
797 423 886 464 381,
924 425 968 458 11
1001 417 1058 458 ‘ab
1089 433 1178 468 rege
1201 416 1441 467 abutamur',
1473 421 1572 467 quod

66 489 158 525 item
186 492 387 534 usurpatur
417 499 439 524 a
468 487 590 525 Plaut.
624 489 804 525 Hortens.

176 551 434 605 eonspz'cazd:
467 555 590 591 Varro
621 555 720 599 apud
748 555 866 591 Prisc.
897 554 944 602 ΙΙ,
979 556 1068 600 384,
1105 557 1121 590 1
1156 554 1189 591 Κ
1221 548 1439 599 'Paupertas
1476 553 1573 589 enim

67 621 160 658 haee
189 626 266 657 tum
296 631 371 657 non
400 621 454 657 ita
482 621 685 666 nutricata,
716 624 757 657 ut
788 631 885 657 nunc
915 615 1197 670 conspicatust,
1230 620 1328 666 quod
1357 621 1445 656 item
1467 629 1573 656 usur-

68 691 179 733 patur
208 697 231 723 a
260 685 386 723 Plauti.
418 686 566 723 Sallust.
598 684 663 733 (1³),
694 686 805 732 Apul.

176 747 359 788 hortari:
390 753 514 788 Varro
544 762 604 798 ap.
626 752 741 790 Prisc.
770 752 815 798 ΙΙ,
848 753 938 796 387,
970 753 992 788 2
1011 753 1058 789 K.
1087 746 1144 789 ‘ab
1175 752 1304 788 amicis
1332 744 1573 786 hortaretur*

68 815 131 864 (cf.
162 818 268 855 Neue
298 818 345 863 ΙΙ,
376 830 411 864 p.
444 819 521 854 215
554 822 592 854 et
621 818 819 855 Kofi'mane
850 817 930 864 87).

178 893 375 932 revereri:
409 899 479 932 sat.
511 894 556 931 fr.
590 896 667 931 449
701 895 763 941 (R.
796 896 887 939 206,
921 892 961 944 8)
992 890 1032 932 'si
1053 895 1146 932 nihil
1179 896 1249 932 mei
1280 888 1535 931 revereatur-³.

177 959 344 998 sectari:
378 962 422 998 R.
455 961 499 997 R.
533 962 581 1006 II,
619 963 653 1006 9,
688 964 708 998 6
738 956 810 1008 ‘qui
840 962 953 998 vellet
983 972 1021 998 se
1052 973 1073 998 a
1103 973 1195 999 eane
1225 956 1396 997 sectari.

179 1023 300 1063 tueri:
332 1027 376 1064 R.
397 1027 440 1063 R.
462 1026 529 1071 III,
557 1030 590 1072 1,
615 1029 637 1062 4
658 1021 705 1064 ‘et
726 1029 763 1063 in
779 1027 877 1064 bello
897 1027 944 1064 ab
966 1027 1023 1064 his
1043 1022 1266 1063 tuebantur'
1291 1027 1393 1071 (vide
1416 1022 1579 1062 Schwei-

70 1089 160 1130 deri
188 1093 317 1130 adnot.
340 1094 387 1130 ad
408 1093 444 1130 h.
475 1093 519 1137 l.)
550 1098 588 1130 et
608 1093 771 1130 fortasse
794 1094 837 1130 L.
857 1094 900 1130 L.
922 1094 1004 1139 VH,
1034 1096 1075 1129 11
1102 1088 1175 1130 ‘ubi
1196 1094 1375 1140 mysteria
1395 1092 1491 1129 siunt
1513 1096 1577 1128 aut

72 1154 240 1195 tuentem?
274 1156 338 1208 (cf.
370 1158 468 1196 infra
497 1157 517 1205 ξ
547 1161 598 1195 29
630 1163 668 1195 et
697 1158 894 1196 Koffinane
930 1162 1037 1205 197).

187 1236 331 1274 Contra
360 1237 435 1273 alia
464 1237 644 1283 quaedam
682 1237 910 1284 deponentia
949 1239 1049 1285 apud
1081 1237 1290 1274 Varronem
1325 1238 1578 1278 inveniuntur,

76 1314 172 1348 quae
203 1303 300 1349 apud
333 1313 459 1339 ornnes
487 1301 567 1339 fere
600 1307 745 1340 ceteros
777 1305 979 1350 scriptores
1009 1303 1168 1341 formam
1193 1305 1308 1341 solam
1337 1304 1498 1341 activam
1525 1303 1580 1338 in-

74 1369 209 1415 duunt,
244 1380 312 1405 nec
341 1368 501 1405 absurde
532 1368 780 1406 iudicabimus
799 1369 1006 1406 Varronem
1026 1371 1064 1406 in
1088 1369 1147 1406 his
1167 1368 1454 1406 formationibus
1474 1379 1579 1404 usum

74 1436 267 1482 vulgarem
289 1436 507 1480 servavisse,
537 1436 575 1471 in
606 1445 677 1480 quo
708 1442 865 1481 utraque
896 1434 1014 1471 forma
1045 1446 1162 1482 aeque
1191 1436 1361 1472 valuerit.

184 1497 391 1551 affectari:
426 1501 547 1538 Varro
580 1501 679 1547 apud
700 1500 822 1537 Dioin.
856 1500 945 1546 382,
979 1501 1053 1537 41(
1082 1496 1308 1551 ‘aff'ectatus
1339 1504 1395 1536 est
1415 1495 1579 1547 regnum’

74 1573 111 1605 et
140 1567 252 1614 Apul.
282 1567 327 1603 de
356 1565 462 1603 herb.
498 1568 543 1602 15
577 1562 766 1616 cgffectari
793 1570 831 1602 et
862 1560 1133 1615 caff'ectaberis.

187 1630 393 1683 cum-iyarz':
425 1637 492 1669 sat.
524 1631 569 1668 fr.
605 1634 680 1669 316
714 1631 778 1675 (R.
816 1634 901 1676 171,
934 1634 973 1679 2)
1002 1628 1149 1671 ‘natura
1180 1627 1409 1685 aurz'yatur'
1431 1629 1449 1683 Η
1470 1628 1582 1668 auri-

74 1710 173 1751 qare
204 1711 262 1746 ap.
284 1700 379 1736 Plin.
413 1700 512 1735 Suet.
545 1699 640 1736 Gell.

184 1773 350 1824 fatisci:
389 1777 511 1813 Varro
540 1776 765 1822 Antiquitat.
797 1787 871 1813 rer.
904 1775 1005 1811 hum.
1027 1775 1128 1812 XIV.
1161 1776 1259 1821 apud
1280 1775 1378 1811 Non.
1411 1777 1501 1820 479,
1536 1776 1581 1811 13

78 1840 353 1889 samonum-,-
382 1841 581 1879 ctPacuv.
601 1842 698 1885 ibid3
730 1843 817 1878 Ace.
850 1842 1002 1879 Lucret.
1037 1845 1071 1887 5,
1105 1843 1201 1887 3083
1235 1842 1270 1885 3,
1301 1842 1402 1886 4583
1437 1841 1583 1878 Fronto

79 1911 197 1956 princ.
226 1910 312 1946 hist.
344 1921 378 1956 p.
410 1909 502 1953 207,
538 1909 579 1955 73
620 1908 705 1944 bell.
737 1908 866 1944 Parth.
899 1910 990 1954 217,
1028 1910 1050 1944 2
1082 1909 1158 1953 (ed.
1187 1907 1333 1952 Naber)
1355 1903 1371 1957 l}
1386 1902 1586 1957 fatiscere

78 1989 137 2024 ap.
169 1977 282 2022 Verg.
324 1974 460 2013 Tibull.
502 1974 578 2011 Col.
619 1973 708 2010 Tac..
740 1970 804 2021 (ef.
836 1968 1039 2010 Jalmsson
1070 1975 1126 2011 De
1159 1974 1282 2011 verbis
1312 1973 1585 2019 deponentibus

79 2056 115 2091 p.
149 2044 232 2087 50).

193 2115 445 2156 excalceari:
479 2121 549 2155 sat,
581 2115 626 2153 fr.
660 2118 738 2154 439
770 2117 836 2160 (R.
876 2118 967 2161 204,
1000 2118 1041 2161 3)
1072 2111 1194 2153 ‘nemo
1223 2127 1263 2152 se
1293 2110 1585 2166 eaecalceatur·’{{

80 2183 319 2224 excalceare
348 2185 481 2222 Vellei.
514 2184 614 2221 Suet.
648 2183 743 2220 Gell.

197 2248 374 2289 labasci:
408 2251 517 2287 Varr.
552 2249 640 2286 Rer.
683 2248 795 2286 divin.
826 2249 909 2285 VII.
951 2260 1010 2295 ap.
1052 2249 1150 2286 Non.
1196 2249 1286 2293 473,
1331 2250 1378 2284 10
1417 2251 1454 2284 et
1495 2247 1583 2284 ibid.

81 2319 228 2356 Accius.
251 2316 267 2364 ΙΙ
287 2314 515 2354 labascere:
547 2316 669 2355 Plaut.
701 2317 786 2353 Ter.
818 2315 969 2352 Lucret.
1003 2315 1114 2362 Verg.

192 2379 466 2421 murmurari:
497 2387 566 2420 sat.
596 2383 642 2420 fr.
680 2384 753 2419 166
785 2381 852 2425 (R.
887 2381 975 2426 136,
1008 2382 1072 2427 2);
1115 2380 1161 2416 fr.
1193 2381 1269 2416 572
1295 2379 1359 2424 (R.
1392 2382 1482 2425 236,
1521 2382 1581 2428 7);

84 2452 308 2498 Quadrigar.
344 2461 403 2496 ap.
423 2448 519 2486 Non.
551 2450 642 2494 478,
676 2449 719 2493 53
752 2447 864 2493 Apul.
896 2445 1040 2482 Florid.
1073 2456 1108 2482 n.
1142 2447 1200 2482 16.
1230 2456 1291 2492 pg.
1327 2447 1375 2482 67
1406 2446 1462 2483 ed.
1480 2446 1583 2483 Hild-

191 2523 553 2566 commurmurari:
591 2529 662 2562 sat.
694 2524 739 2560 fr.
773 2524 851 2560 380
882 2522 948 2567 (R.
981 2524 1069 2568 185,
1100 2524 1144 2567 4)
1174 2516 1586 2559 ἲοωιίνηαινηηιγαηταν

82 2587 241 2631 αὐτοί.
274 2591 329 2629 Cf.
362 2591 438 2630 Cic.
476 2593 514 2628 in
547 2591 619 2628 Pis.
650 2591 716 2639 25,
749 2591 794 2626 61
835 2583 889 2625 ‘ut
932 2589 1058 2625 scriba
1097 2593 1467 2625 connum-muratas
1512 2584 1584 2637 sis,

82 2663 225 2700 Fronto
257 2661 316 2698 ad.
348 2660 456 2697 Caes.
487 2672 522 2707 p.
554 2661 617 2706 21,
651 2662 672 2696 6
704 2659 761 2696 ed.
794 2657 921 2695 Naber
950 2652 1112 2703 ‘pauculi
1143 2651 1443 2692 animm-murati
1475 2649 1584 2693 sunt⁷.

191 2723 404 2778 quiritari:
435 2725 557 2763 Varro
588 2737 648 2772 ap.
676 2726 798 2762 Diom.
832 2724 923 2766 381,
966 2723 1016 2758 22
1048 2723 1095 2759 Κ.
1130 2716 1384 2769 (Wilmanns
1420 2722 1464 2759 de
1492 2723 1580 2760 Var-
