1833 3048
823 50 1110 87 ...71-

191 165 524 207 numerabimus.
586 163 708 218 Quae
740 164 879 217 figura
912 175 963 205 ea
996 176 1042 205 re
1073 162 1258 217 insignis
1293 165 1360 204 est
1394 162 1505 214 quod
1538 162 1743 216 graviora

190 236 384 277 membra
426 235 469 277 in
516 237 700 286 utraque
748 237 874 287 parte
922 233 1168 275 contrarias
1216 233 1340 275 sedes
1385 233 1597 275 obtinent.
1671 233 1744 276 Sic

192 317 394 347 numerus
431 304 474 347 in
513 305 654 346 altero
694 303 921 346 enuntiato
965 303 1188 356 ascendit,
1233 303 1275 345 in
1319 303 1460 345 altero
1503 303 1742 356 descendit,

193 378 238 417 et
262 375 373 417 unde
396 373 594 428 profecta
617 377 685 416 est
709 386 758 416 eo
780 373 894 416 redit
919 373 1073 415 orati0.
1123 373 1246 415 Solet
1278 376 1424 415 autem
1447 374 1556 415 haec
1578 374 1744 416 numeri

192 445 429 488 diversitas
461 444 527 486 ita
556 443 707 498 augeri
730 447 774 486 et
797 444 922 496 quasi
944 443 1103 485 clarius
1126 442 1307 496 proponi
1337 446 1387 486 ut
1409 443 1503 486 sine
1525 445 1744 496 particula

196 515 447 568 copulativa
471 514 551 557 duo
574 515 767 556 membra
789 513 913 557 iuxta
935 517 1166 567 ponantur.
1215 512 1323 556 Mihi
1353 516 1473 556 certe
1496 514 1539 556 in
1563 515 1745 557 chiasmi

195 586 334 640 figura
377 585 700 628 coniunctiones
744 585 918 638 saepius
961 584 1105 627 omitti
1148 596 1275 636 quam
1318 584 1419 626 addi
1461 585 1583 628 visae
1627 590 1743 628 sunt.

313 656 599 710 Quamobrem
625 668 717 697 cum
741 654 1064 708 parallelismus
1093 658 1270 708 propter
1292 655 1575 698 membrorum
1599 657 1745 709 aequi-

190 729 333 768 tatem
381 726 424 768 id
467 726 632 768 efficiat
674 729 723 768 ut
766 725 906 767 oratio
950 725 1190 777 tranquilla
1234 724 1403 777 quidem
1448 728 1492 767 et
1536 730 1744 770 constans

193 800 354 850 currat,
395 797 470 838 sed
492 797 574 838 hac
596 796 693 849 ipsa
727 795 978 838 constantia
1008 795 1195 837 animum
1219 795 1438 838 audientis
1461 801 1744 850 commoveat,

193 867 412 909 chiasmus
444 869 613 909 mutato
637 866 902 921 singularum
936 866 1127 919 partium
1149 866 1456 918 propositionis
1481 867 1628 910 ordine
1660 881 1745 910 non

190 937 326 980 solum
360 950 598 979 sermonem
631 937 791 987 variat,
826 937 902 979 sed
935 937 1070 979 etiam
1103 936 1353 979 sententiae
1386 936 1616 980 discrimen
1650 951 1744 991 per-

187 1008 298 1050 bene
330 1008 540 1050 illustrat.

903 1090 926 1147 §
962 1094 1028 1131 56.

309 1171 550 1225 Frequenti
587 1173 631 1214 in
668 1185 770 1216 usus
804 1172 1020 1215 chiasmus
1054 1174 1123 1215 est
1165 1184 1259 1215 cum
1302 1174 1513 1225 quattuor
1554 1178 1744 1219 membra

190 1242 307 1285 inter
339 1255 385 1285 se
419 1243 672 1296 opponenda
704 1243 888 1298 singulis
920 1244 1066 1287 verbis
1090 1243 1348 1295 efficiuntur,
1382 1243 1504 1286 velut
1536 1245 1612 1288 ΠΙ
1646 1252 1742 1300 5,17

191 1315 345 1369 lucifer
390 1316 600 1366 interdiu,
649 1320 773 1359 uoctu
827 1317 1045 1367 hesperu33
1093 1315 1133 1358 V
1186 1317 1265 1354 166
1321 1315 1404 1358 Ubi
1452 1316 1579 1358 lectus
1627 1314 1743 1372 [nam

190 1383 398 1438 Spengeli
420 1384 689 1427 coniectura:
726 1418 733 1425 .
760 1387 856 1428 Abel.
902 1388 1029 1429 lectus
1059 1384 1233 1428 videtur
1264 1384 1417 1426 infelix
1439 1387 1549 1439 esse]
1587 1391 1745 1432 mortui

194 1458 354 1510 fertur,
394 1457 584 1499 dicebaut
614 1456 838 1499 Ferel‘rum
870 1459 1019 1510 nostri,
1054 1457 1205 1500 Graeci
1233 1455 1489 1508 eioezooffl).
1542 1457 1596 1498 In
1634 1458 1744 1501 eius-

191 1525 286 1567 dem
319 1525 490 1579 generis
524 1525 747 1568 sententia
780 1525 861 1567 duo
904 1527 1095 1568 membra
1133 1525 1343 1568 interiora
1376 1526 1442 1568 ita
1475 1527 1743 1579 amplificata

186 1599 288 1638 sunt
327 1599 376 1638 ut
417 1595 659 1638 enuntiatis
709 1596 977 1639 secundariis
1017 1595 1265 1639 efficiantur
1303 1597 1328 1638 I
1378 1600 1443 1649 2‚1
1486 1605 1657 1655 royatus
1694 1602 1744 1644 ab

185 1669 394 1711 uecllz‘umo
427 1672 475 1710 ut
505 1669 641 1711 dicere
673 1669 899 1711 didicimus
930 1684 957 1712 a
980 1670 1177 1724 patribus
1198 1670 1370 1720 nostris,
1404 1674 1451 1711 ut
1489 1672 1745 1726 eorriyimm

186 1753 213 1781 α
248 1739 484 1781 recentibus
517 1739 706 1792 urbanae,
746 1740 795 1782 ab
832 1739 1010 1787 aedituo,
1055 1750 1235 1790 quocum
1272 1738 1365 1780 1000
1405 1737 1480 1779 cfr.
1519 1740 1632 1782 hunc
1671 1740 1744 1792 qui

185 1807 401 1850 simillime
449 1807 744 1851 conformatus
787 1812 856 1851 est
899 1808 950 1850 Π
989 1811 1055 1856 8,3
1094 1810 1303 1854 Arcadico
1350 1815 1394 1853 ut
1435 1812 1604 1865 antiqui
1636 1813 1742 1855 dice-

185 1881 297 1931 bam,
347 1884 394 1922 ut
440 1894 518 1922 uos
565 1882 725 1935 experti
771 1895 919 1923 sumus
960 1880 1159 1924 Reatina
1232 1880 1286 1922 In
1326 1879 1552 1931 utriusque
1595 1884 1742 1923 autem

185 1949 371 2003 exempli
415 1948 658 1991 enuntiatis
702 1949 972 1992 secundariis
1015 1949 1345 1993 animadvertas
1387 1962 1570 2002 aequum
1612 1963 1742 1993 mem-

186 2020 360 2062 brorum
392 2018 596 2073 ordinem,
630 2020 891 2073 praesertim
921 2019 1063 2073 priore
1095 2019 1200 2062 1000.

900 2151 923 2202 g
958 2153 1025 2190 57.

303 2230 445 2273 Multo
478 2230 645 2273 rariora
685 2231 762 2274 sed
800 2231 934 2274 etiam
973 2231 1035 2274 sic
1068 2230 1180 2273 satis
1222 2231 1360 2274 multa
1400 2234 1502 2274 sunt
1542 2232 1742 2286 exempla

186 2301 367 2344 chiasmi
378 2301 423 2343 in
437 2301 638 2344 membris
652 2314 762 2353 quae
774 2302 1003 2355 particulis
1022 2302 1353 2356 coniunguntur,
1368 2302 1460 2345 sive
1474 2302 1741 2356 simplicibus

186 2372 310 2415 velut
341 2372 417 2414 III
454 2376 575 2423 16‚17
610 2375 770 2429 friyore
800 2375 932 2417 hieme
964 2379 1001 2417 et
1022 2378 1174 2417 aestate
1207 2375 1363 2427 calore·
1385 2374 1426 2418 V
1463 2377 1542 2413 144
1569 2380 1742 2430 propter

189 2444 365 2486 colorem
386 2444 478 2487 suis
509 2449 546 2487 et
568 2444 645 2487 loci
667 2449 892 2497 uaturam;
913 2443 955 2488 V
981 2447 1060 2484 145
1092 2460 1171 2499 quo
1194 2447 1436 2500 conferrent
1457 2460 1558 2489 suas
1580 2450 1741 2490 contro-

318 2571 345 2614 ¹)
371 2570 414 2604 In
441 2570 623 2605 simillima
657 2581 694 2605 re
721 2570 987 2615 parallelismus
1020 2574 1077 2605 est
1102 2571 1134 2605 V
1160 2571 1204 2605 36
1230 2570 1318 2605 haec
1355 2572 1457 2606 etlam
1488 2571 1621 2607 Graeci
1642 2574 1742 2616 νέμῃ,

188 2629 306 2663 nostri
338 2639 496 2663 nemora.
546 2629 702 2673 Propter
727 2629 943 2673 particulam
978 2629 1093 2672 etiam,
1129 2632 1170 2663 ut
1209 2629 1366 2672 videtur,
1398 2630 1435 2663 L.
1464 2630 1620 2675 Spengel
1654 2635 1741 2668 ante

188 2698 221 2723 v.
254 2686 385 2721 Graeci
408 2687 520 2723 inseri
545 2688 713 2723 voluerat
738 2687 842 2733 quod.
883 2688 962 2722 Non
988 2687 1195 2723 necessaria
1221 2693 1278 2723 est
1302 2689 1468 2730 mutatio,
1486 2689 1516 2723 si
1538 2690 1739 2726 Varronem

189 2745 406 2790 simpliciter
432 2746 591 2782 scribere
618 2747 777 2782 voluisse
804 2747 1041 2782 statuerimus
1074 2747 1162 2781 llaec
1197 2747 1301 2781 eciam
1335 2758 1506 2789 nemora;
1544 2754 1628 2792 post
1653 2759 1738 2784 vero

186 2805 240 2840 ita
259 2804 479 2840 sententiam
500 2815 581 2840 eum
595 2809 758 2841 mutasse
780 2810 820 2840 ut
837 2805 943 2840 simul
965 2804 1141 2850 originem
1163 2805 1318 2840 nominis
1338 2806 1471 2842 addere
1486 2806 1737 2842 constitueret.

233 2874 277 2899 nc
310 2863 402 2899 lenis
436 2863 713 2900 inconcinnitas.
766 2863 838 2900 Cfr.
875 2874 966 2909 quae
991 2875 1024 2909 p.
1054 2865 1096 2899 16
1122 2864 1200 2900 init.
1229 2864 1382 2901 diximus
1410 2865 1452 2902 dc
1480 2865 1558 2901 loco
1586 2865 1640 2900 III
1667 2866 1737 2909 7,·2.
