1833 3048
152 725 363 792 opusculi
383 745 491 781 huius
510 744 704 791 inscriptio
729 754 777 780 ne
795 753 909 789 prave
936 742 1192 790 intellegatur,
1215 743 1374 786 lectores
1394 745 1432 782 id
1450 745 1562 782 velim

54 812 180 849 animo
197 816 337 856 tenere,
361 822 419 847 me
439 821 515 847 non
531 821 576 847 ea
591 810 771 847 vocabula
786 809 866 846 sola
880 821 927 846 ex
939 808 1120 846 Varronis
1136 809 1241 846 libris
1261 813 1445 857 enotasse,
1467 822 1562 858 quae

57 878 166 914 huius
195 878 388 923 scriptoris
417 876 566 922 ingenio
598 874 819 921 debeantur,
852 886 980 912 verum
1009 876 1122 913 etiam
1153 887 1199 912 ea
1233 876 1435 923 addidisse,
1467 889 1563 924 quae

56 955 139 982 cum
168 944 266 990 apud
295 943 498 989 scriptores
529 942 702 988 antiquos
740 944 778 977 et
807 940 972 978 Varroni
1011 942 1185 988 aequales
1226 942 1390 980 nondum
1421 947 1565 986 extent,

55 1010 217 1056 primum
261 1008 361 1055 apud
390 1007 599 1044 Varronem
637 1008 891 1044 inveniantur.
949 1007 1034 1044 Hoc
1076 1009 1175 1045 enim
1216 1008 1326 1045 modo
1363 1010 1489 1055 aliqua
1518 1022 1565 1048 ex

57 1078 170 1123 parte
188 1075 449 1122 perspicietur,
482 1084 576 1119 quae
606 1075 837 1111 incrementa
866 1073 1065 1111 verborum
1095 1074 1204 1121 copia
1232 1085 1255 1111 a
1282 1075 1418 1121 priscis
1448 1077 1566 1123 scrip-

60 1141 206 1179 toribus
250 1140 393 1177 tradita
438 1140 579 1186 ceperit
622 1140 776 1176 ineunte
822 1143 947 1177 aetate
992 1151 1088 1186 quae
1133 1140 1268 1177 dicitur
1307 1139 1565 1179 Ciceroniana.

60 1207 135 1246 Sed
164 1207 384 1253 priusquam
414 1206 461 1243 ad
481 1207 605 1253 ipsum
635 1206 870 1251 propositum
893 1206 1123 1251 accedamus,
1158 1217 1180 1243 a
1202 1216 1244 1242 re
1270 1206 1371 1243 haud
1401 1208 1565 1245 alienum

60 1273 211 1310 videtur
247 1273 409 1319 primum
448 1282 646 1318 quaerere,
692 1282 786 1318 quae
828 1273 927 1309 ratio
963 1270 1180 1309 interfuerit
1217 1272 1318 1309 inter
1357 1274 1566 1312 Varronem

61 1343 99 1377 et
137 1349 201 1376 eos
242 1338 465 1385 scriptores,
507 1339 569 1385 qui
599 1349 680 1374 cum
711 1338 844 1375 eodem
874 1337 953 1376 fere
983 1342 1151 1385 tempore
1191 1337 1390 1383 florerent,
1429 1352 1567 1388 genere

61 1405 209 1443 dicendi
248 1416 270 1441 a
300 1405 537 1441 Varroniano
575 1415 729 1451 prorsus
768 1404 1003 1451 discrepante
1041 1406 1096 1442 usi
1138 1406 1226 1442 sint.
1283 1406 1326 1443 Id
1355 1410 1483 1444 autem
1513 1408 1568 1445 di—

62 1471 184 1508 lucide
213 1470 431 1517 apparebit.
469 1472 499 1507 si
534 1471 715 1507 Varronis
745 1470 953 1508 orationem
989 1472 1267 1518 comparaveris
1298 1483 1379 1509 cum
1409 1484 1464 1519 ea,
1497 1485 1569 1520 qua

64 1536 269 1574 utebantur
286 1535 417 1573 Cicero
448 1539 487 1573 et
517 1536 673 1573 Caesar.
712 1536 761 1572 Hi
792 1537 890 1573 enim
912 1538 1025 1583 primi
1045 1539 1144 1574 inter
1163 1538 1421 1576 Romanorum
1452 1541 1569 1587 scrip-

65 1606 167 1639 tores
204 1602 243 1639 id
271 1601 484 1646 studebant,
530 1608 571 1638 ut
613 1602 777 1649 linguam
817 1603 973 1640 latinam
1012 1603 1060 1640 ad
1097 1602 1327 1642 Graecorum
1356 1608 1570 1653 exemplum

63 1680 176 1715 quam
218 1668 538 1715 elegantissimam
569 1672 606 1704 et
634 1669 875 1714 purissimam
904 1668 1118 1707 redderent.
1178 1670 1316 1716 Quodsi
1345 1672 1568 1718 Varronem,

67 1736 130 1781 qui
162 1734 295 1771 studiis
325 1733 558 1771 Graecorum
597 1735 748 1780 penitus
786 1738 869 1771 erat
907 1734 1084 1779 imbutus,
1124 1736 1257 1773 horum
1299 1742 1503 1784 praecepta
1534 1743 1571 1775 et

64 1801 233 1837 rationes
261 1801 299 1837 in
331 1799 518 1837 scribendi
548 1804 629 1836 arte
660 1811 734 1836 non
765 1801 868 1846 sequi
899 1800 1118 1847 videbimus,
1150 1812 1225 1838 non
1254 1804 1335 1840 sine
1363 1815 1477 1842 causa
1506 1805 1572 1842 ad-

66 1868 265 1905 miratione
297 1866 457 1912 quadam
487 1864 704 1903 afficiemur.
754 1866 849 1903 Nam
898 1878 1007 1903 nemo
1046 1868 1119 1904 erit
1156 1870 1220 1914 qui
1257 1874 1371 1917 neget
1407 1870 1571 1908 futurum

67 1933 178 1970 fuisse
193 1936 235 1969 ut
246 1934 379 1975 Varro⁷
405 1933 436 1968 si
449 1933 612 1969 animum
629 1932 676 1969 ad
689 1932 758 1969 hoc
773 1933 968 1969 consilium
990 1934 1225 1980 intendisset,
1239 1936 1356 1980 polite
1368 1940 1405 1973 et
1422 1938 1573 1983 elegan-

67 2003 126 2036 ter
155 1999 312 2037 dicendo
343 1998 555 2048 adaequare
594 1998 781 2045 potuisset
810 1997 1031 2036 Ciceronem
1060 2003 1097 2036 et
1126 2003 1271 2037 ceteros
1300 2002 1398 2039 illius
1427 2007 1571 2050 tempo-

66 2066 118 2102 ris
148 2066 365 2111 scriptores,
406 2075 561 2111 quorum
590 2065 692 2101 nullo
723 2064 893 2102 doctrina
923 2070 961 2102 et
990 2066 1203 2102 litterarum
1232 2069 1447 2115 cognitione
1477 2069 1574 2107 infe-

68 2131 162 2176 rior,
192 2131 364 2177 plurimis
394 2132 564 2177 superior
593 2133 685 2167 erat.
744 2131 877 2177 Itaque
907 2133 1090 2169 orationis
1126 2134 1205 2171 eius
1235 2135 1484 2181 inaequalitas
1515 2140 1572 2174 at-

69 2207 143 2243 que
182 2197 366 2243 asperitas
415 2197 488 2233 alia
522 2198 671 2233 ratione
711 2197 934 2243 explicanda
970 2202 1037 2235 est.
1096 2199 1299 2245 Quaerenti
1329 2202 1442 2249 enim,
1481 2213 1574 2248 quas

71 2273 132 2299 res
162 2261 284 2299 Varro
312 2263 350 2298 in
380 2262 486 2299 libris
517 2264 592 2300 suis
620 2266 921 2310 pertractaverit,
958 2265 994 2301 id
1024 2266 1057 2302 ei
1086 2267 1284 2303 eonsilium
1315 2266 1427 2303 fuisse
1456 2279 1574 2314 appa-

69 2332 141 2374 ret,
172 2332 214 2365 ut
243 2328 439 2366 doctrinae
460 2339 562 2374 suae,
596 2340 689 2376 quae
720 2331 846 2366 omnia
874 2329 954 2368 fere
975 2331 1192 2368 litterarum
1220 2343 1360 2379 genera
1390 2333 1574 2380 complec-

70 2395 233 2440 tebatur,
266 2395 472 2441 specimina
488 2394 618 2432 ederet
646 2400 683 2433 et
703 2394 876 2433 flosculos
905 2408 1032 2434 rerum
1060 2399 1222 2445 undique
1243 2399 1442 2445 decerptos
1472 2399 1575 2436 colli-

72 2464 181 2508 geret
209 2464 320 2507 atque
351 2472 432 2498 cum
463 2460 606 2498 civibus
637 2463 712 2499 suis
742 2464 1054 2508 communicaret;
1098 2476 1171 2511 qua
1199 2475 1238 2502 re
1268 2463 1406 2501 factum
1436 2467 1504 2509 est,
1535 2468 1576 2501 ut

73 2527 193 2574 magis
233 2527 271 2563 in
300 2527 460 2564 materia
490 2526 717 2564 conferenda
756 2532 793 2565 et
837 2530 1095 2575 comparanda
1133 2541 1243 2576 quam
1281 2531 1319 2566 in
1349 2530 1435 2566 stilo
1463 2541 1576 2576 expo-

72 2592 199 2630 liendo
228 2603 379 2640 operam
410 2597 581 2631 navaret.
638 2594 720 2632 Hoc
750 2598 873 2631 tamen
897 2606 949 2631 rex
979 2607 1117 2641 genere
1147 2595 1342 2633 eximenda
1372 2599 1458 2632 sunt
1487 2606 1576 2642 poe-

74 2658 162 2706 tica,
190 2659 228 2695 in
259 2659 390 2706 quibus
420 2671 501 2697 cum
531 2660 647 2697 multo
677 2661 802 2706 potius
830 2662 1004 2706 antiquos
1043 2672 1151 2708 quam
1182 2662 1432 2699 recentiorum
1461 2663 1577 2699 ratio-

75 2734 161 2761 nem
208 2725 256 2763 ad
308 2725 518 2772 exemplum
558 2725 900 2765 Alexandrinorum
939 2725 1209 2764 conformatam
1253 2731 1400 2764 secutus
1436 2728 1495 2773 sit,
1540 2730 1579 2764 et

1328 2791 1369 2828 1*
