1787 3043
1528 92 1581 131 69

537 214 801 266 Conspectus
841 215 968 255 dativi
1001 216 1250 257 Lucretiam.

762 334 786 381 1
831 330 949 381 Dat.
982 321 1176 396 finalis

740 415 1169 443 ae—-fffi———x

699 488 738 527 a
770 470 878 526 loci
936 471 967 527 b
997 474 1169 529 sicitas

518 553 1380 726 A

167 753 333 815 wat.
345 755 611 816 commodi
629 760 687 816 ei
699 757 1027 817 incommodi
1053 762 1093 816 2
1118 760 1243 816 Dat.
1276 757 1656 838 acquisitionis

105 910 149 957 ‘a
167 903 429 960 commodi
456 904 487 960 b
508 905 840 976 dynamiezis
866 921 896 959 e
917 907 1134 959 auctoris

247 1013 290 1062 ci
309 1009 588 1061 relationis
619 1025 645 1061 e
666 1009 876 1062 ethicus

656 1191 692 1246 3
716 1192 840 1246 Dat,
869 1175 1224 1256 possessionis

609 1335 634 1385 ξ
680 1329 737 1374 12.
796 1332 972 1374 Dativus
1016 1331 1171 1373 finalis.

629 1435 658 1468 1.
697 1434 867 1468 Dativus
892 1434 1030 1468 finalis
1057 1433 1148 1467 loci.

282 1515 367 1555 lam
414 1515 540 1566 paulo
586 1519 684 1555 anto
733 1515 911 1555 diximus
945 1515 1133 1555 dativum
1164 1515 1331 1566 linguae
1363 1513 1519 1553 latinae
1551 1524 1638 1553 non

144 1587 233 1623 tam
264 1583 317 1623 ad
348 1583 525 1623 localem
559 1583 792 1632 notionem,
825 1596 953 1636 quam
986 1583 1039 1624 ad
1070 1583 1322 1624 remotiores
1340 1581 1637 1634 exprimendas

144 1655 394 1703 usurpatum
443 1656 621 1692 exstare.
681 1651 838 1692 Verum
876 1651 1053 1702 dativos,
1086 1651 1128 1691 in
1159 1650 1311 1703 quibus
1341 1651 1426 1690 vim
1458 1649 1637 1690 localem

144 1720 282 1760 inesse
306 1723 452 1771 aperte
476 1719 705 1760 ostendunt
729 1723 968 1760 structurae
993 1732 1089 1760 cum
1114 1716 1499 1771 praepositionibus
1517 1729 1636 1757 con]—

144 1788 321 1839 positae,
370 1788 526 1839 passim
573 1787 686 1839 apud
727 1788 956 1839 scriptores
988 1788 1141 1828 latinos
1173 1776 1350 1827 inveniri
1380 1789 1530 1826 notum
1562 1789 1637 1825 est.

144 1855 284 1907 Atque
330 1855 407 1895 hos
454 1856 632 1905 dativos,
682 1869 778 1896 cum
825 1856 892 1896 alii
927 1856 1041 1896 velut
1072 1855 1271 1896 Kuehner
1302 1858 1343 1895 et
1373 1853 1553 1894 Kernius
1584 1852 1638 1892 ad

144 1937 268 1964 usum
299 1936 480 1975 graecae
512 1924 678 1975 linguae
711 1924 1064 1964 accommodatos
1087 1936 1179 1964 esse
1203 1922 1478 1972 contendunt,
1498 1921 1566 1961 alii
1585 1945 1636 1949 —-

144 1992 252 2032 inter
298 2004 405 2044 quos
451 1997 549 2032 sunt
595 1992 962 2033 commemorandi
1007 1991 1194 2043 Draeger
1238 1990 1467 2031 Schroeter
1497 1989 1635 2029 Thiel-

143 2072 327 2099 mannus
359 2085 410 2088 —
444 2060 650 2100 locativos
695 2061 737 2100 in
783 2059 1035 2111 quibusdam
1083 2059 1272 2099 formulis
1311 2071 1361 2098 ex
1393 2057 1636 2109 antiquissi-

144 2128 223 2167 mis
266 2128 530 2180 temporibus
576 2134 769 2169 servatos
800 2133 961 2180 putant.
1020 2127 1148 2179 Atqui
1180 2128 1221 2167 in
1252 2127 1333 2167 hac
1366 2139 1410 2167 re
1443 2126 1637 2178 quamvis

144 2200 294 2248 poetas
339 2197 431 2236 usui
477 2201 519 2237 et
564 2197 860 2237 consuetudini
904 2208 1156 2247 graecorum
1205 2207 1291 2235 non
1328 2195 1429 2235 nihil
1460 2194 1636 2234 inservi-

143 2265 254 2304 visse
300 2277 376 2315 pro
424 2268 541 2305 certo
588 2264 745 2305 habere
791 2265 1015 2316 possimus,
1063 2277 1150 2304 non
1181 2268 1245 2304 est
1276 2276 1350 2303 cur
1382 2262 1634 2313 dubitemus,

145 2332 244 2383 quin
291 2332 531 2373 huiusmodi
562 2333 689 2373 dativi
720 2333 947 2374 latinorum
982 2332 1147 2373 dicendi
1177 2332 1321 2383 generi
1352 2331 1509 2383 proprii
1540 2330 1635 2379 sint,

143 2412 281 2452 neque
326 2404 471 2441 tamen
516 2413 610 2441 esse
648 2401 855 2442 locativos
890 2401 992 2442 satis
1024 2401 1149 2441 certis
1181 2400 1433 2440 testimoniis
1465 2398 1636 2450 probari

142 2473 293 2520 potest.
353 2468 492 2519 Quare
538 2469 854 2519 Delbrueckius,
901 2482 998 2510 cum
1038 2469 1216 2509 localem
1252 2480 1399 2508 casum
1431 2480 1528 2507 cum
1561 2466 1636 2506 da-

141 2537 227 2577 tivo
274 2537 483 2578 coaluisse
529 2538 704 2578 omnino
751 2543 888 2590 neget,
937 2549 1087 2577 omnes
1125 2537 1291 2576 dativos
1324 2548 1418 2576 esso
1449 2534 1565 2588 Sym.
1596 2547 1635 2586 p.

142 2605 224 2645 290
256 2605 485 2655 contendit,
519 2618 626 2657 quos
658 2610 801 2646 tamen
833 2618 907 2657 per
938 2605 1180 2656 analogiam
1213 2617 1358 2645 earum
1383 2616 1492 2655 quae
1510 2603 1634 2654 vulgo

143 2678 373 2713 occurrunt
419 2678 729 2715 structurarum
778 2675 940 2726 positos
972 2686 1068 2714 esse
1103 2677 1259 2713 censet.
1320 2672 1419 2713 Utut
1451 2684 1496 2712 se
1528 2672 1635 2712 haec
