1833 3048
751 52 1038 88 -73-

121 180 167 209 se
205 169 477 220 opponuntur
525 165 699 206 dicenda
738 167 910 218 fuerunt
949 169 993 208 et
1031 165 1353 206 contendendum
1397 168 1469 205 est.
1544 163 1671 217 Apud

121 238 362 282 Varronem
406 235 529 278 omisi
562 238 586 287 ἓ
628 240 650 276 6
690 236 735 276 in
775 235 934 288 Apulia
966 236 1147 277 ovim-ias
1180 238 1262 278 etc.
1305 235 1417 288 quod
1451 247 1503 276 ea
1535 235 1671 276 verba

121 306 408 361 appositionis
441 306 585 349 instar
617 305 771 348 addita
794 309 895 348 sunt
928 306 1021 348 sine
1054 307 1185 348 verbo
1217 306 1359 358 finito3
1402 308 1555 347 contra
1590 306 1610 358 ξ
1651 309 1667 344 1

120 378 190 431 qui
227 378 273 418 in
310 391 408 430 ayro
446 380 666 419 ‘versantur
703 377 749 417 in
786 376 922 429 aliquo
961 390 1079 428 opere
1116 377 1307 430 faciendo
1350 376 1415 418 bis
1459 378 1507 417 ut
1546 374 1673 418 debui

121 448 347 492 numeravi
381 447 474 504 (cfr.
508 460 548 501 p.
584 452 638 488 44
673 446 769 489 adn.
809 448 862 502 1).

237 520 302 562 Ut
356 518 411 561 ad
460 517 621 561 obiecti
668 517 996 560 collocationem
1046 518 1240 568 redeam,
1291 516 1507 559 latissime
1559 515 1673 568 apud

121 591 362 635 Varronem
394 589 431 632 is
465 589 567 631 ordo
600 591 728 642 patet
759 593 809 630 ut
842 587 1026 636 obiecto,
1061 588 1098 630 si
1127 587 1347 631 adiectivo
1381 590 1558 630 auctum
1590 590 1671 639 est,

122 661 301 704 verbum
339 659 509 702 finitum
541 659 802 708 includatur,
843 670 982 711 neque
1021 658 1190 701 obiecto
1231 659 1366 700 solum
1407 658 1484 700 sed
1522 656 1674 710 quovis

122 730 400 774 substantivo
442 742 536 773 cum
576 728 796 772 adiectivo
837 728 1078 772 coniuncto
1149 729 1257 771 Loci
1296 729 1347 770 de
1387 728 1540 781 quibus
1580 727 1673 770 dico

123 804 224 845 sunt
255 801 319 843 hi:
354 802 377 854 ξ
412 805 435 842 2
469 801 633 842 urbana
665 799 949 843 desiderarent
983 800 1223 853 yymoaasia;
1254 799 1311 841 ib.
1345 799 1550 840 vocabulis
1581 798 1675 840 reti-

124 876 252 915 neant
280 872 463 926 yraecis;
503 871 525 925 ξ
566 875 588 912 6
621 871 848 924 pecuarias
879 870 1003 911 habui
1031 870 1231 924 mandem
1264 870 1321 912 ib.
1354 883 1444 922 pec.
1477 869 1602 910 habui
1630 869 1675 910 iii

122 943 254 996 Epiro
275 955 463 996 magma&
487 941 729 994 iterumque
750 940 999 983 laudandus
1023 940 1094 983 hic
1115 941 1234 983 locus
1258 943 1282 993 ξ
1307 945 1329 980 5
1352 940 1496 981 habere
1518 943 1675 981 utram-

125 1028 200 1070 que
232 1013 345 1055 debet
376 1012 654 1065 disciplinam.
720 1011 889 1056 Omitto
924 1012 945 1065 ἕ
987 1016 1010 1052 2
1044 1012 1152 1064 quod
1181 1012 1280 1052 dum
1316 1013 1583 1052 servaverunt
1613 1010 1676 1050 in—

123 1086 312 1127 stitutum
353 1086 532 1137 propter
568 1094 800 1136 pronomen
838 1081 1088 1124 relativum.
1161 1081 1328 1124 Contra
1369 1081 1413 1123 in
1452 1080 1674 1123 Ciceronis

125 1155 314 1210 epistula
347 1154 484 1207 (cuius
516 1153 560 1196 in
581 1153 726 1196 fronte
758 1165 869 1205 quae
890 1153 1097 1207 leguntur
1127 1156 1280 1205 quanto
1308 1153 1452 1205 fructa
1483 1152 1563 1192 sim
1579 1152 1669 1203 pri-

125 1231 246 1268 vatus
289 1229 358 1267 et.
386 1259 392 1265 .
417 1228 454 1265 et
485 1256 526 1266 ..
560 1226 811 1277 praetereo,
857 1223 969 1276 quod
1011 1223 1232 1266 adiect-iva
1278 1235 1364 1265 non
1406 1225 1528 1264 arcte
1577 1233 1672 1263 cum

123 1296 293 1340 nomine
326 1296 562 1337 cohaerent
595 1294 670 1336 sed
702 1293 949 1347 explicandi
988 1306 1122 1337 causa
1160 1293 1313 1336 addita
1352 1293 1472 1348 sunt)
1507 1292 1671 1334 duobus

127 1370 301 1410 tantum
334 1366 441 1408 locis
475 1365 739 1408 adiectivum
772 1378 798 1406 a
821 1365 1099 1407 substantivo
1133 1368 1384 1417 separatum
1417 1368 1486 1406 est
1520 1365 1588 1415 (ac
1620 1375 1674 1404 ne

127 1441 230 1481 sunt
272 1437 442 1490 quidem
485 1435 660 1489 propria
700 1435 942 1484 adiectiva,
987 1435 1063 1478 sed
1091 1435 1313 1478 numerale
1356 1438 1401 1477 et
1443 1446 1676 1487 pronomen

125 1507 436 1563 possessivum)
470 1509 493 1560 ξ
528 1511 552 1547 4
585 1520 694 1548 imas
736 1506 835 1547 mihi
865 1506 965 1547 scito
1003 1506 1164 1547 litteras
1196 1508 1279 1548 etc.
1320 1509 1365 1546 et
1398 1503 1423 1560 ξ
1458 1507 1481 1544 5
1521 1518 1571 1545 ex
1602 1507 1675 1544 tua

119 1580 323 1633 putabam
354 1578 584 1625 voluntat&
606 1577 759 1630 quibus
791 1577 898 1619 locis
930 1577 1065 1619 verba
1095 1576 1317 1628 exscripta
1338 1575 1510 1617 initium
1544 1586 1674 1616 enun-

125 1650 231 1693 tiati
264 1649 471 1701 efficiunt,
516 1660 610 1690 cum
649 1648 763 1701 apud
801 1649 1044 1692 Varronem
1084 1648 1263 1690 verbum
1299 1646 1467 1688 finitum
1505 1656 1676 1697 semper

125 1720 440 1774 paenultimam
472 1719 617 1762 sedem
649 1722 815 1772 teneat,
849 1730 1002 1761 nomen
1036 1729 1130 1760 cum
1159 1717 1376 1760 adiectivo
1398 1716 1597 1759 ultimam
1631 1718 1676 1756 et

128 1791 598 1845 antepaenultimam1).

841 1920 862 1973 g
899 1926 963 1962 63.

250 1992 493 2036 Varronem
526 1991 738 2044 singulari
776 1991 948 2034 ratione
981 2003 1127 2034 amare
1159 1989 1205 2031 in
1238 1987 1548 2041 comparativis
1581 1999 1677 2029 eam

130 2063 359 2106 verborum
380 2061 708 2104 collocationem
728 2064 775 2103 ut
788 2062 1085 2115 comparativo
1103 2061 1147 2103 id
1163 2060 1397 2103 membrum
1417 2057 1677 2112 praemittat

131 2133 243 2185 quod
274 2144 327 2174 ex
358 2132 578 2184 particula
610 2145 734 2184 quam
764 2132 938 2184 pendet,
979 2133 1190 2175 neminem
1223 2130 1350 2184 fugit.
1414 2129 1554 2171 Locos
1588 2127 1675 2180 qui-

129 2204 208 2245 bus
250 2203 320 2244 hic
363 2202 464 2244 ordo
505 2201 729 2245 invenitur
771 2202 948 2256 collegit
990 2203 1146 2246 Reiter
1186 2216 1226 2255 p.
1273 2205 1337 2242 67.
1409 2200 1531 2242 Idem
1576 2198 1677 2240 ordo

129 2273 355 2316 verborum
400 2272 534 2314 etiam
574 2273 686 2325 apud
725 2274 835 2316 alios
874 2273 1111 2326 scriptores
1149 2272 1330 2325 legitur,
1371 2284 1406 2313 e.
1447 2283 1490 2323 g.
1530 2269 1678 2310 Plaut-

131 2343 247 2385 Trin.
284 2347 365 2383 903
400 2346 446 2384 et
479 2347 582 2395 9043
616 2343 705 2386 Cic.
739 2356 815 2396 pro
848 2344 939 2386 Mil.
977 2348 999 2383 9
1035 2345 1145 2384 extr.
1179 2346 1262 2384 etc.

249 2412 368 2454 Addi
406 2412 569 2465 poterit
606 2417 784 2465 praeter
821 2426 894 2456 eos
933 2413 1048 2455 locos
1088 2424 1192 2464 quos
1231 2411 1387 2454 Reiter
1417 2424 1457 2464 p.
1494 2414 1545 2451 67
1581 2409 1678 2452 adn.

252 2566 278 2609 ¹)
305 2563 468 2599 Eandem
505 2564 607 2600 verbi
639 2564 733 2600 finiti
766 2565 1040 2600 collocationem
1077 2563 1170 2608 apud
1202 2563 1396 2607 Apuleium
1431 2561 1615 2605 frequenti
1646 2561 1683 2596 in

135 2633 203 2657 usu
230 2633 309 2658 esse
335 2626 459 2658 monet
484 2622 649 2658 Schmalz
676 2623 755 2658 Stil.
783 2624 804 2669 ξ
828 2624 885 2666 45,
912 2626 944 2659 2.
994 2622 1092 2658 Idem
1119 2622 1213 2665 quod
1239 2621 1328 2656 dicit
1345 2621 1366 2667 ξ
1384 2623 1446 2656 44:
1476 2619 1684 2665 „Wahrend

135 2681 259 2716 Cicero
293 2681 349 2716 die
382 2681 582 2727 Trennung
614 2693 681 2717 von
717 2682 835 2717 Subst.
869 2682 940 2716 und
967 2680 1133 2716 Attribut
1166 2691 1233 2714 nur
1266 2680 1379 2714 durch
1406 2679 1571 2715 einfache
1598 2679 1684 2713 oder

134 2740 420 2784 prapositionale
453 2741 907 2785 Kasus-Bestimmungen
940 2742 1124 2785 gestattet
1161 2740 1251 2774 etc.“
1286 2749 1356 2773 non
1390 2739 1566 2783 intellego
1600 2749 1685 2772 num

135 2799 246 2833 verbo
272 2798 373 2833 finito
400 2803 575 2842 utrasque
601 2810 708 2835 voces
735 2799 897 2843 separari
922 2809 1028 2843 posse
1054 2802 1176 2842 neget.
1227 2797 1318 2831 Nam
1345 2802 1578 2841 separantur,
1614 2797 1686 2831 etsi

135 2867 228 2899 raro,
256 2862 296 2891 ut
324 2857 486 2892 vidimus.
