1833 3048
969 64 991 91 R

218 198 276 239 13,
308 199 330 232 2
363 195 523 243 (Ritschl
551 195 643 232 ibid.
675 207 710 241 p.
744 195 854 239 507).
900 194 1053 232 Vocalis
1086 207 1108 230 ιι
1140 195 1377 232 intercalaris
1407 200 1565 242 apparet
1596 197 1633 232 in
1662 207 1726 232 vo—

215 262 348 300 cabulo
363 263 480 300 latino
496 256 740 308 ‘iugulandes'
758 261 804 298 R.
823 260 869 297 R.
885 261 913 306 Ι,
937 263 996 302 16,
1019 262 1053 305 6,
1075 271 1170 307 quae
1189 259 1310 297 forma
1331 261 1504 298 addenda
1525 264 1583 298 est-
1603 260 1720 298 indici

213 329 388 367 similium
425 328 637 373 verborum,
689 339 799 374 quem
845 327 1034 374 congessit
1073 321 1330 362 Schuchardt
1368 327 1414 371 H,
1459 338 1495 373 p.
1536 329 1629 364 424.
1673 325 1719 364 cf.

219 390 389 431 Corssen
418 396 577 440 Ausspr.
607 389 677 441 11²,
713 394 813 436 2643
847 394 937 430 386.
957 392 997 430 C.
1017 393 1044 428 Ι.
1062 393 1106 430 L.
1138 392 1155 428 Ι
1184 404 1220 438 p.
1255 394 1350 437 6073
1384 392 1452 440 ΙΠ,
1485 394 1508 428 2
1539 404 1574 439 p.
1610 394 1727 432 1187.

211 462 274 498 ubi
304 462 378 498 alia
409 460 592 497 eiusmodi
620 461 771 497 nomina
806 463 1047 502 ena2.antu1·‚
1088 459 1126 495 in
1157 457 1289 504 quibus
1330 458 1469 495 vocalis
1507 458 1610 494 inter
1640 468 1728 495 con-

213 532 388 564 sonantes
419 526 512 563 duas
532 527 676 563 inserta
707 530 778 563 est.
813 545 860 550 —

319 593 465 629 Deinde
495 592 567 628 huc
597 591 797 629 referenda
826 597 912 628 sunt
941 602 985 628 ea
1005 590 1253 634 substantiva.
1287 601 1446 636 quorum
1473 601 1591 637 genus
1623 591 1725 627 aliud

213 663 270 696 est
304 661 342 696 in
373 659 555 696 Varronis
592 658 698 694 libris
746 657 848 695 aliud
888 657 987 704 apud
1029 658 1188 704 optimos
1227 658 1442 703 scriptores.
1501 656 1598 693 Nam
1625 656 1726 693 haud

216 735 306 762 raro
337 723 459 762 Varro
490 735 576 761 cum
619 725 658 760 in
688 724 824 761 ceteris
863 723 970 760 libris
1001 727 1080 760 tum
1111 724 1149 759 in
1179 723 1304 759 satiris
1342 723 1379 758 in
1410 721 1592 769 eligendis
1622 733 1731 759 voca-

212 791 385 828 bulorum
424 789 752 827 terminationibus
798 790 958 827 discedit
1011 789 1058 826 ab
1107 790 1335 835 optimorum
1385 789 1609 834 scriptorum
1662 799 1730 825 usu

212 862 249 894 et
279 858 446 903 sequitur
477 857 688 904 priscorum
718 857 906 892 rationein
936 856 994 892 vel
1024 856 1147 901 potius
1177 855 1406 891 rusticorum
1441 853 1618 900 loquendi
1650 863 1729 890 mo-

212 933 304 959 rem.
365 923 526 960 Omnino
558 922 630 959 huc
660 926 817 968 spect-at.
843 921 943 967 quod
972 916 1090 957 Dietz
1122 920 1285 957 Gramm.
1325 920 1391 957 der
1428 930 1572 957 roman.
1616 919 1729 966 Spra·

215 989 307 1026 chen
345 988 392 1030 ΙΙ,
434 990 457 1023 4
498 987 620 1034 docet,
667 998 785 1035 genus
827 988 1074 1024 masculinum
1110 988 1147 1023 in
1191 986 1319 1024 infima
1367 986 1568 1022 latinitatis
1607 990 1731 1022 aetate

214 1063 335 1099 saepe,
382 1054 419 1090 in
458 1054 593 1100 linguis
634 1054 850 1090 Romanicis
886 1052 1022 1098 ubique
1060 1054 1098 1090 in
1129 1054 1299 1090 neutrius
1338 1052 1463 1089 locum
1494 1051 1730 1087 successisse.

215 1120 275 1156 Ex
297 1118 477 1156 Varronis
506 1119 657 1165 scriptis
689 1119 736 1156 ad
763 1119 836 1156 hoc
864 1119 1067 1156 verboram
1111 1129 1226 1165 genus
1256 1118 1468 1164 pertinent:
1501 1111 1731 1152 absinthius

214 1190 282 1222 sat.
313 1184 359 1220 fr.
391 1186 470 1221 440
501 1184 568 1229 (R.
599 1186 690 1232 204,
723 1183 767 1229 4)
812 1179 1051 1223 'absinthium
1081 1179 1263 1232 gravem’3
1315 1178 1439 1219 collus
1469 1187 1539 1219 sat.
1571 1181 1618 1219 fr.
1651 1183 1729 1218 500

215 1252 277 1292 (R.
310 1252 402 1298 219,
434 1249 495 1297 3),
529 1247 664 1286 corius
695 1255 765 1287 sat..
786 1250 832 1287 fr.
872 1252 946 1288 135
992 1252 1052 1295 (R.
1089 1251 1175 1296 125,
1208 1250 1267 1296 2);
1302 1261 1449 1286 cornus
1469 1253 1538 1286 sat.
1571 1248 1616 1285 fr.
1655 1250 1727 1286 131

215 1316 280 1357 (R.
306 1318 392 1361 132.
427 1317 462 1352 7.
493 1315 537 1352 cf.
571 1317 642 1354 Rh.
665 1317 766 1355 Mus.
799 1317 884 1362 XX,
925 1329 960 1364 p.
992 1319 1091 1362 4253
1123 1316 1227 1365 XXI,
1255 1317 1374 1362 120);
1395 1312 1546 1365 frenos
1576 1319 1649 1352 sat.
1682 1314 1728 1350 fr.

218 1384 292 1419 177
324 1383 387 1427 (R.
424 1384 511 1428 139,
545 1381 605 1429 6);
653 1377 784 1426 fretus
825 1383 920 1421 Gall.
958 1384 1131 1421 Fundan,
1169 1383 1215 1420 fr.
1248 1384 1279 1419 V
1309 1383 1367 1420 ed.
1400 1382 1583 1428 Riese·p.
1624 1382 1726 1426 254;

215 1446 365 1498 'quttar
396 1442 576 1495 capacior'
611 1453 680 1485 sat.
713 1447 759 1485 fr.
791 1450 883 1498 237,
917 1451 976 1494 (R.
1012 1451 1099 1495 154,
1132 1449 1198 1494 6);
1231 1439 1427 1485 ‘murmur
1447 1441 1557 1485 ferus'
1587 1452 1660 1484 sat.
1681 1446 1727 1483 fr.

216 1517 292 1552 493
322 1515 387 1560 (R,
420 1517 511 1563 218,
545 1516 606 1562 3);
635 1526 889 1565 papaverem
919 1516 1015 1554 Gall.
1037 1516 1158 1553 Fund.
1190 1515 1235 1551 fr.
1266 1516 1303 1552 X
1333 1515 1390 1552 ed.
1421 1515 1522 1552 Ries.
1554 1524 1589 1559 p.
1619 1514 1725 1558 254;

217 1580 357 1619 'tenues
370 1576 496 1632 porra*
529 1586 600 1619 sat.
631 1581 676 1618 fr.
697 1582 775 1618 580
797 1582 861 1625 (R.
884 1583 975 1628 240,
1002 1582 1090 1628 15);
1124 1571 1297 1618 ‘reticuli
1317 1592 1337 1618 e
1353 1581 1479 1617 nervis
1501 1573 1596 1616 sunt'
1621 1578 1666 1616 R.
1685 1579 1730 1616 R.

214 1648 281 1692 ΠΙ,
327 1649 361 1691 5,
406 1649 451 1684 13
485 1644 501 1698 ΙΙ
533 1643 747 1685 reticulmn
781 1660 879 1686 nom.
923 1660 976 1695 sg.
1017 1649 1062 1685 L.
1101 1648 1144 1685 L.
1186 1648 1231 1691 V,
1266 1647 1363 1693 13ος
1407 1657 1531 1697 &aya-s*
1569 1650 1640 1682 sat.
1683 1643 1729 1680 fr.

217 1716 294 1751 569
326 1713 387 1761 (R.
418 1716 510 1761 236,
543 1714 599 1762 9).

327 1781 425 1828 Alia,
456 1782 496 1818 in
527 1781 658 1827 quibus
687 1781 733 1818 ab
753 1782 901 1818 usitato
931 1781 1131 1817 verborum
1161 1790 1299 1826 genere
1336 1781 1425 1816 item
1453 1778 1609 1822 recedit,
1641 1778 1733 1814 haec

218 1851 325 1883 sunt:
365 1842 499 1883 altera
538 1844 673 1883 amnis
703 1846 749 1883 R.
780 1847 825 1884 R.
858 1847 923 1892 III,
962 1847 997 1891 5,
1041 1848 1087 1892 9;
1129 1850 1200 1883 sat.
1242 1844 1287 1882 fr.
1336 1847 1411 1882 415
1443 1842 1514 1893 (R.
1549 1845 1636 1890 197,
1672 1842 1727 1890 6);

219 1908 393 1949 balteum
424 1924 522 1950 nom.
565 1924 620 1960 sg.
655 1914 699 1950 L.
731 1913 775 1951 L.
809 1914 852 1958 V.
896 1914 992 1957 1163
1032 1908 1138 1949 hunc
1186 1907 1467 1947 calamistrum
1503 1909 1628 1946 Varro
1670 1920 1729 1954 ap.

218 1979 363 2016 Charis.
405 1981 468 2025 80,
505 1982 549 2015 11
580 1976 595 2030 Η
624 1975 752 2029 plura
794 1975 1033 2015 calamistrcz
1073 1983 1143 2015 sat.
1174 1977 1220 2014 fr.
1264 1978 1338 2014 563
1373 1974 1438 2026 (R.
1472 1976 1563 2021 234,
1608 1976 1650 2017 8)
1682 1975 1730 2010 cf.

219 2046 262 2082 L.
295 2046 338 2082 L.
370 2047 414 2091 V,
450 2048 547 2093 1293
588 2042 708 2083 calles
745 2041 982 2095 lonqinquos
1003 2046 1049 2082 R.
1081 2045 1127 2081 R.
1150 2045 1198 2091 H,
1219 2046 1254 2086 9,
1282 2045 1326 2080 16
1351 2038 1366 2092 Η
1388 2038 1512 2078 calles
1534 2037 1732 2092 publicae

218 2112 264 2148 R.
295 2112 340 2148 R.
383 2112 431 2159 Π,
474 2114 511 2159 2,
554 2115 621 2157 1ος
664 2108 762 2148 calm
803 2106 1011 2147 candidus
1043 2116 1113 2148 sat.
1158 2109 1202 2147 fr.
1245 2110 1323 2146 288
1361 2109 1423 2154 (R.
1474 2109 1561 2153 165,
1609 2104 1653 2153 9)
1684 2106 1731 2143 cf.

216 2177 424 2215 Buecheler
466 2178 538 2216 Rh.
580 2180 680 2216 Mus.
722 2178 805 2223 XX,
850 2178 948 2221 4193
994 2173 1063 2213 lzoc
1105 2171 1337 2213 cuniculum.
1381 2176 1493 2212 Varr.
1525 2185 1584 2220 ap.
1618 2172 1732 2219 Capr.

218 2244 263 2280 de
295 2243 397 2281 verb·
429 2245 514 2282 dub.
552 2257 588 2292 p.
629 2245 734 2281 2248
775 2245 830 2290 Ρ,-
873 2238 1147 2279 ‘auctr-mama
1188 2246 1395 2279 ventosum
1431 2233 1575 2277 fuerat'.
1622 2239 1733 2275 Varr.

219 2309 377 2354 Ephem.
409 2311 532 2348 naval.
562 2321 623 2356 ap.
655 2311 753 2348 Non.
786 2311 850 2355 71,
897 2310 974 2355 15,·
1010 2304 1198 2360 qlaclium
1237 2306 1351 2352 (nom.
1394 2302 1514 2356 sing.)
1553 2305 1597 2343 R.
1626 2306 1671 2342 R.
1702 2305 1731 2350 I,

221 2376 283 2420 48,
326 2378 347 2413 3
388 2372 456 2424 [cf.
499 2377 627 2422 Quint.
671 2379 702 2419 1,
747 2378 781 2421 5,
826 2377 873 2411 16
913 2370 1062 2424 'qladia
1106 2376 1168 2420 qui
1217 2374 1405 2419 dixerunt,
1455 2382 1594 2419 genere
1633 2371 1732 2408 exci-

222 2436 414 2490 derunt');
447 2439 525 2478 tria
552 2438 658 2493 pala
685 2447 756 2480 sat.
786 2440 832 2478 fr.
869 2443 943 2478 179
974 2442 1039 2485 (R.
1075 2443 1163 2485 138,
1195 2436 1268 2490 4);
1297 2437 1525 2490 pampinus
1545 2436 1631 2475 fem.
1649 2448 1733 2484 gen.

220 2511 317 2544 teste
333 2506 465 2545 Servio
496 2509 543 2546 ad
562 2509 677 2556 Verg.
701 2509 818 2556 eclog.
842 2510 878 2553 7,
903 2509 974 2555 58;
997 2503 1081 2544 luci
1099 2502 1209 2543 claro
1229 2511 1299 2544 sat.
1320 2506 1366 2543 fr.
1398 2508 1448 2543 67
1471 2504 1536 2549 (R.
1564 2505 1653 2549 108,
1672 2503 1731 2548 5),

220 2572 265 2609 fr.
297 2574 374 2610 238
398 2574 464 2617 (R.
500 2576 588 2620 153,
622 2575 686 2620 7);
720 2572 764 2611 fr.
799 2574 874 2610 512
898 2573 964 2618 (R.
998 2575 1088 2619 221,
1121 2574 1186 2619 9),
1214 2577 1354 2623 puteos
1384 2571 1430 2608 R.
1454 2571 1498 2608 R.
1529 2571 1557 2616 Ι,
1591 2571 1654 2614 57,
1687 2570 1731 2613 2;

218 2643 364 2688 puteus
384 2638 427 2677 L.
451 2640 495 2676 L.
517 2640 561 2685 V,
595 2641 669 2685 25;
699 2640 762 2685 VI,
795 2639 1024 2690 84117mtea
1052 2635 1186 2687 (plur.)
1217 2639 1314 2677 Gall.
1343 2638 1467 2675 Fund.
1497 2635 1542 2673 fr.
1574 2636 1640 2678 ΠΙ,
1673 2634 1732 2672 ed.

220 2704 322 2742 Ries.
352 2717 387 2752 p.
420 2706 519 2750 2543
551 2710 632 2742 rete
661 2701 895 2742 cannabina
926 2706 970 2743 R.
993 2706 1038 2743 R.
1070 2705 1134 2752 ΙΙΙ,
1168 2706 1203 2751 5,
1247 2708 1315 2749 11;
1357 2708 1480 2740 retem
1510 2703 1575 2748 III,
1609 2702 1644 2746 5,
1685 2702 1730 2737 11
