1787 3043
127 128 177 168 68
673 140 877 167 PRAEPOS.
924 140 1018 168 CAP.
1042 139 1103 167 IV.

116 266 192 303 pro
222 266 334 304 qnam
366 255 516 290 contra
544 250 764 290 Handium
792 251 836 291 in
858 250 1101 291 Tursellino
1130 251 1212 300 IV,
1237 265 1278 303 p.
1305 253 1400 300 616,
1432 255 1653 304 comparat

113 332 191 369 pro
216 322 273 364 ut,
289 332 394 369 strae
415 322 475 364 ut,
492 332 596 369 prae
618 334 751 372 quam,
776 323 943 370 praeter
964 333 1097 372 qaam,
1123 322 1218 370 post
1240 333 1370 372 quam,
1401 322 1495 358 ante
1516 333 1649 372 quam,

120 398 238 435 super
259 398 388 437 quam.

233 450 502 504 Praepositio
523 465 600 502 pro
629 453 666 504 a)
689 451 801 491 idem
826 451 1047 504 signifieat
1076 465 1124 490 ae
1156 452 1238 490 loeo
1262 466 1295 491 s.
1321 451 1453 490 instar
1475 451 1651 491 alicuius

118 518 190 558 rei.
234 518 322 567 ΙΙΙ,
355 519 457 558 367:
494 523 523 558 si
547 532 624 569 pro
644 518 814 573 foribus
841 525 935 558 sunt
965 522 1116 559 lumina.
1143 525 1289 558 nostra.
1332 518 1414 567 IV,
1445 520 1547 558 466:
1572 533 1650 570 pro

117 584 214 624 ‘risis
247 591 293 624 ut
326 588 407 624 sint
439 600 539 637 quae
573 601 652 624 non
681 592 775 624 sunt
802 589 972 624 sensibu'
1001 589 1095 624 visa.
1137 599 1177 624 v.
1211 585 1311 624 761:
1348 601 1466 637 quem
1493 588 1650 625 reddita

108 666 185 702 pro
210 651 291 691 ϊὶία
314 655 392 692 iam
414 668 517 692 mors
541 658 580 692 et
608 658 713 691 terra
742 656 924 704 potitast.
968 651 1037 691 Sic
1060 651 1367 691 Lachmannus
1389 665 1466 704 pro
1488 652 1648 691 reddita

116 718 214 758 vita.

225 785 268 838 b)
312 784 437 824 Idem
479 784 697 838 signifieat
741 785 856 838 quod
897 786 1128 832 seeundum,
1170 786 1330 825 ratione
1371 786 1548 826 alieuius
1587 786 1647 826 rei

111 853 263 892 habita.
310 852 345 901 Ι,
371 854 474 893 807:
507 869 577 893 sua
606 870 675 906 pro
707 860 830 906 parte.
873 853 957 900 IV,
983 855 1063 893 550
1095 870 1164 906 pro
1195 859 1319 906 parte.
1363 853 1416 902 V,
1443 854 1543 894 257:
1576 871 1646 907 pro

77 938 88 949 ·
111 926 222 973 parte
250 937 330 960 sua.
373 920 435 970 ΙΙ,
470 922 570 960 231:
602 925 697 961 haec
724 935 797 971 pro
818 920 1067 972 ponderibus
1097 936 1207 960 casus
1237 924 1406 960 celerare
1434 927 1644 962 necessest.

110 987 163 1036 V,
190 990 233 1026 2:
265 991 360 1037 Quis
390 992 495 1040 potis
527 994 586 1028 est
614 991 781 1040 dignum
809 992 979 1041 pollenti
1008 995 1168 1041 pectore
1199 1005 1356 1029 carmen
1385 992 1553 1029 condere
1570 1003 1644 1040 pro

108 1071 239 1094 rerum
260 1055 469 1094 madescam
489 1055 630 1107 leals-que
663 1055 860 1106 repertis?
902 1055 972 1096 Sic
994 1055 1234 1096 Lambinus
1264 1055 1513 1096 coniectura
1541 1070 1641 1110 pro:

108 1138 177 1175 pro
204 1138 336 1162 rerum
363 1126 584 1162 maiestatis
612 1130 731 1175 atque
762 1127 941 1176 repertis.
984 1138 1025 1163 V.
1049 1126 1097 1163 4:
1136 1127 1204 1176 qui
1231 1127 1380 1175 fingere
1409 1127 1545 1164 laudes
1567 1137 1643 1175 pro

105 1189 258 1228 meritis
281 1193 362 1230 eius
386 1194 522 1242 possit.
565 1205 604 1229 v.
633 1191 734 1231 231:
762 1207 833 1231 nec
855 1195 980 1231 varias
1003 1198 1201 1244 quaerunt
1222 1197 1350 1231 vestes
1372 1205 1449 1243 pro
1473 1195 1643 1242 tempore

106 1260 215 1297 caeli.
258 1272 298 1296 v.
332 1259 460 1297 1058:
497 1274 567 1310 pro
596 1261 702 1298 vario
731 1274 860 1298 sensu.
910 1274 949 1298 v.
984 1260 1114 1298 1111:
1141 1258 1352 1313 profacz'e
1381 1262 1571 1311 cuiusque
1602 1264 1642 1298 et

102 1323 255 1363 viribus
287 1324 537 1377 inqem'oque.
582 1338 621 1364 v.
648 1326 776 1365 1174:
808 1342 1003 1380 vocesque
1031 1329 1218 1379 superbas
1239 1330 1401 1366 mittere
1423 1340 1500 1377 pro
1519 1325 1642 1380 faeie

95 1391 313 1442 praeclara
338 1398 377 1431 et
402 1391 551 1431 viribus
573 1392 731 1443 amplis.
776 1393 857 1444 ΥΙ,
882 1395 1014 1434 1281:
1049 1398 1215 1446 quisque
1237 1411 1353 1434 suum
1373 1408 1451 1445 pro
1472 1407 1516 1432 re
1537 1410 1640 1434 com-

102 1465 262 1511 postum
285 1464 459 1499 maestus
481 1462 685 1499 humabat.

214 1527 251 1579 c)
279 1526 345 1565 De
367 1526 714 1566 remuneratione
738 1526 910 1567 dicitur.
943 1527 1032 1578 ΙΙΙ,
1050 1530 1180 1569 1014:
1207 1544 1422 1581 poenarum
1436 1541 1515 1578 pro
1537 1531 1639 1568 male

83 1593 236 1647 faeti&
282 1593 335 1642 V,
361 1595 464 1633 118:
490 1598 661 1647 pendere
685 1611 749 1635 eos
772 1611 917 1648 poenas
942 1595 1186 1647 z'mstam'pro
1209 1595 1360 1635 scelere
1383 1598 1524 1635 omnis.

213 1659 387 1700 Tmesin
418 1660 461 1700 in
493 1661 808 1714 compositione
837 1676 934 1702 cum
963 1662 1095 1702 verbo
1126 1677 1254 1715 passa
1283 1666 1352 1702 est
1374 1661 1637 1716 praepositio

100 1727 181 1778 VI,
207 1730 336 1768 1264:
361 1732 490 1768 multa
511 1733 578 1769 siti
601 1735 803 1782 protracta
824 1734 927 1770 viam
951 1747 1020 1783 per
1032 1744 1190 1783 proque
1216 1731 1368 1769 νοίιιύα.

215 1795 309 1835 Sine
330 1795 367 1846 Ι,
394 1798 467 1836 22:
493 1800 577 1837 sine
599 1803 651 1837 te.
681 1811 722 1836 v.
749 1799 849 1837 155:
875 1811 992 1849 opera
1016 1798 1103 1836 Sine
1125 1801 1271 1838 divom.
1304 1797 1365 1847 ΙΙ,
1392 1799 1492 1837 168;
1519 1801 1638 1838 deum

97 1862 184 1902 sine
217 1863 390 1902 numine.
446 1863 483 1913 Ι,
518 1865 620 1903 192:
657 1868 741 1905 sine
776 1868 893 1905 certis
926 1867 1134 1905 imbribus.
1182 1879 1223 1904 v.
1257 1866 1361 1905 198:
1398 1880 1517 1917 quam
1551 1864 1659 1904 δῶκ’

90 1929 312 1982 principiis
340 1934 463 1971 ullam
490 1948 573 1972 rem
602 1936 768 1972 existere
797 1949 922 1985 posse.
973 1947 1013 1972 v.
1046 1933 1146 1972 213:
1178 1935 1312 1971 nostro
1340 1932 1427 1971 sine
1456 1948 1636 1985 quaeque

99 1997 233 2037 labore
255 2005 396 2051 sponte
419 2016 488 2039 sua
508 2004 638 2040 multo
661 2004 744 2040 fieri
765 2004 929 2040 meliora
949 2003 1115 2040 videres,
1147 2014 1188 2038 v.
1214 2000 1316 2039 363:
1342 2003 1425 2040 sine
1448 2003 1634 2053 pondere.

98 2064 136 2114 Ι,
161 2066 241 2105 396
265 2070 348 2106 sine
370 2070 491 2115 inani,
515 2066 620 2107 item
642 2082 682 2106 v.
709 2069 804 2107 510.
831 2069 928 2107 532.
954 2068 1049 2107 538.
1082 2092 1120 2095 —
1152 2081 1193 2106 v.
1217 2068 1320 2107 443:
1353 2070 1437 2107 sine
1459 2083 1635 2120 corpore,

98 2131 204 2171 item
226 2131 313 2182 ΙΙΙ,
341 2135 435 2173 166.
462 2136 558 2174 508.
585 2137 665 2175 554
689 2149 777 2187 sq.:
811 2139 865 2175 sic
894 2138 1048 2175 animus
1077 2151 1146 2188 per
1168 2151 1208 2175 se
1230 2151 1310 2175 non
1333 2138 1421 2187 quit
1442 2134 1529 2173 sine
1550 2148 1634 2174 cor-

91 2213 192 2250 pore
225 2206 265 2240 et
298 2200 382 2251 ipso
418 2218 499 2242 esse
531 2201 699 2242 homine.
745 2217 785 2241 v.
819 2204 914 2242 560.
950 2203 1043 2242 731.
1078 2203 1172 2242 788.
1210 2201 1266 2250 V,
1298 2203 1379 2242 132
1409 2216 1441 2241 8.
1475 2215 1636 2253 corpore

99 2270 204 2306 oriri.
247 2266 284 2316 Ι,
315 2269 394 2307 451
420 2283 508 2320 sq.:
542 2272 625 2309 sine
654 2273 859 2322 perniciali
888 2273 1067 2309 discidio.
1110 2268 1198 2319 ΙΙΙ,
1224 2270 1304 2309 326
1335 2273 1419 2309 sine
1447 2272 1633 2322 pernicie.

100 2348 139 2372 v.
166 2334 246 2374 347
269 2333 355 2373 sine
370 2338 484 2385 φῶτε
505 2336 701 2388 maloque.
735 2335 772 2386 Ι,
799 2338 900 2377 601:
925 2336 1216 2388 sinepartibus
1238 2343 1360 2377 extat.
1402 2336 1464 2386 II,
1491 2339 1536 2376 5:
1563 2340 1635 2375 tua

99 2400 184 2439 sine
197 2404 320 2452 parte
342 2405 490 2454 pericli.
526 2402 563 2452 Ι,
590 2404 698 2443 1054
720 2418 808 2456 sq.:
834 2408 917 2444 sine
940 2407 1032 2444 ullis
1055 2407 1200 2444 ictibus
1224 2407 1408 2444 externis.
1442 2403 1505 2453 ΙΙ,
1529 2404 1630 2442 809:

98 2467 184 2506 sine
206 2481 247 2506 eo
272 2467 462 2520 (luminis
476 2468 581 2522 ictu)
605 2474 687 2510 fieri
702 2487 781 2510 non
796 2487 908 2523 posse
923 2474 1146 2524 putandum
1163 2477 1234 2511 est.
1265 2471 1327 2521 ΙΙ,
1345 2473 1419 2511 92:
1445 2474 1633 2524 quoniam

99 2540 273 2588 spatium
295 2536 478 2590 sinefine
499 2538 742 2590 modoquest.
785 2553 825 2578 v.
852 2540 954 2578 193:
980 2542 1063 2578 sine
1085 2542 1125 2578 vi
1146 2542 1370 2591 subigente.
1413 2538 1501 2587 ΙΙΙ,
1527 2539 1629 2578 333:

99 2602 184 2642 sine
206 2607 368 2643 alterius
392 2603 444 2643 υἱ.
489 2603 550 2653 ΙΙ,
575 2605 680 2644 423:
713 2609 811 2645 haut
842 2605 928 2644 sine
943 2605 1189 2657 principiali
1211 2606 1348 2659 aliquo
1377 2606 1508 2645 levore
1529 2621 1632 2645 crea-

98 2675 191 2709 tast.
207 2684 248 2709 v.
264 2672 366 2710 425:
392 2687 470 2711 non
486 2671 622 2724 aliquo
637 2671 723 2710 sine
736 2677 923 2713 materiae
938 2673 1123 2726 squalore
1137 2680 1345 2726 repertast.
1369 2688 1409 2712 v.
1429 2674 1527 2713 795:
1545 2672 1632 2711 sine

100 2736 187 2775 [nee
215 2762 255 2765 —
284 2754 378 2778 esse.
421 2753 461 2777 v.
487 2739 589 2777 939:
617 2745 795 2779 constare
824 2765 864 2769 —
892 2740 979 2779 Sine
1007 2740 1123 2779 odore
1151 2741 1251 2780 ‘ulla
1288 2740 1376 2789 ΙΙΙ,
1402 2741 1504 2780 113:
1537 2744 1630 2779 effu-
