1787 3043
466 161 826 189 PRAEPOSITIONES
859 160 945 189 CUM
981 161 1127 189 Aecus.
1519 149 1568 189 77

46 271 152 311 inber
173 287 213 312 36
235 277 524 326 coniunctaque
547 289 606 313 res
629 279 700 313 est.
730 272 817 322 III,
845 274 922 312 780
952 279 1100 312 certare
1132 298 1169 300 —
1200 277 1305 313 inter
1326 290 1377 313 se.
1408 287 1448 312 v.
1469 274 1567 313 783:

45 343 151 380 inter
183 357 222 380 se
256 344 513 381 contendant.
564 340 645 390 IV,
676 342 778 380 961:
816 343 978 380 divisior
1011 339 1117 379 inter
1148 354 1202 379 36.
1246 340 1301 389 V,
1333 341 1404 380 72:
1446 357 1571 393 genus

44 411 263 448 humanum
297 433 339 438 —-
372 411 546 461 loquella
573 411 748 460 coeperit
775 407 881 447 ‘inter
909 422 949 446 36
977 411 1093 447 vesci.
1135 422 1177 446 v.
1208 409 1285 447 191
1315 411 1420 448 inter
1448 424 1488 448 se
1523 432 1564 437 —

45 490 254 527 congressa
281 494 321 509 =
349 477 446 515 426.
471 490 512 514 v.
538 476 639 515 349:
673 474 779 514 inter
808 489 877 514 7208
906 479 982 515 nisi
1010 478 1117 527 quod
1139 478 1286 515 morbis
1308 479 1571 527 aegrescimus

46 547 151 582 cett.
188 557 229 582 v.
266 544 345 582 380
386 547 491 583 inter
523 559 562 582 se
603 567 641 570 —
683 548 876 595 pugnent.
930 557 970 582 v.
1005 543 1085 582 393
1125 546 1279 594 magnis
1312 543 1418 581 inter
1450 556 1490 582 36
1523 546 1572 582 (16

44 613 160 650 rebus
174 623 345 649 cernere.
371 625 412 649 v.
429 612 509 650 445
533 626 605 650 nec
620 616 752 650 motus
768 609 872 648 inter
885 623 968 648 3636
982 609 1079 648 (lare
1101 613 1385 650 convenientis.
1409 625 1450 650 v.
1469 612 1568 650 649:

44 680 220 717 aestibus
256 677 363 716 ‘inter
395 691 435 716 36
469 677 649 716 dirersis.
700 676 781 727 VI,
816 678 923 717 1100
958 681 1063 717 inter
1094 693 1133 717 se
1168 681 1332 717 diversa.
1381 677 1435 727 V,
1469 680 1569 718 854:

43 748 260 797 mutuaque
282 749 487 785 insinuent
507 745 614 784 inter
634 758 674 784 36
700 748 846 797 gaudia
866 750 1046 797 uterque.
1090 759 1130 784 v.
1155 746 1256 785 894:
1290 745 1394 784 inter
1415 760 1455 784 36
1476 762 1572 798 quo-

43 829 130 852 rum
152 816 348 852 discordia
368 816 545 852 membra
572 815 762 852 videmus.
806 811 860 861 V,
887 813 966 851 959
994 828 1123 865 neque
1150 816 1242 852 ullis
1271 816 1445 853 moribus
1467 813 1573 852 inter

43 893 84 918 36
105 883 260 920 scibant
281 896 352 920 nec
374 883 530 932 legibus
552 883 624 920 uti.
667 894 707 919 v.
735 880 865 919 1047:
896 883 927 919 si
958 896 1037 920 non
1059 883 1127 920 alii
1149 897 1306 933 quoque
1328 883 1491 920 vocibus
1512 884 1572 919 usi

42 946 150 986 inter
170 961 210 986 36
232 952 400 987 fuerant.
424 962 464 986 v.
486 949 616 987 1245:
642 947 748 985 inter
768 960 809 985 36
831 946 975 985 ὀθῖίκιῃι
991 972 1029 976 —
1049 954 1244 999 gerentes.
1268 947 1348 997 VI,
1364 950 1447 988 454
1469 947 1574 986 inter

43 1028 83 1053 36
97 1028 323 1066 comprensa
335 1018 475 1055 teneri.
492 1029 531 1054 v.
546 1016 627 1054 456
643 1018 738 1054 haec
753 1015 1038 1065 eomprendvmt
1051 1014 1158 1054 inter
1171 1030 1224 1054 36.
1242 1030 1284 1054 v.
1299 1016 1405 1055 1086
1420 1021 1466 1055 ut
1480 1031 1574 1055 cava

43 1086 281 1122 conveniant
299 1086 427 1135 plenis
441 1087 537 1122 haec
559 1086 666 1122 illius
690 1085 759 1122 illa
780 1085 976 1134 huiusque
1000 1082 1105 1121 inter
1125 1096 1178 1123 36.
1206 1098 1244 1122 v.
1264 1085 1371 1123 1088
1395 1086 1506 1136 quasi
1528 1089 1573 1122 ut

42 1153 181 1189 anellis
209 1153 415 1203 hamisque
444 1153 592 1202 plicata
613 1150 720 1190 inter
747 1164 787 1189 36
814 1153 1008 1202 quaedam
1036 1154 1191 1202 possint
1213 1154 1371 1203 coplata
1390 1154 1531 1190 teneri.

156 1216 198 1270 d)
231 1217 479 1271 Apponitur
502 1217 747 1257 nominibus
775 1231 916 1257 rerum
939 1216 983 1256 in
1004 1222 1198 1271 tempore
1221 1217 1454 1257 factarum:
1491 1217 1570 1267 IV,

45 1286 154 1325 1084:
175 1288 281 1325 inter
302 1301 486 1325 amorem.
528 1285 609 1335 VI,
635 1288 716 1325 524
738 1291 1020 1338 tempestatem
1042 1289 1148 1325 inter
1169 1301 1345 1338 opacam.

156 1351 272 1391 Intra
302 1352 363 1402 ΙΙ,
390 1355 499 1393 1118
524 1368 587 1405 sq.
620 1357 726 1406 quod
755 1357 872 1393 datur
898 1353 1009 1392 ‘intra
1038 1353 1179 1392 vitalis
1211 1367 1342 1393 vernas.
1386 1353 1467 1403 IV,
1493 1355 1571 1393 611

42 1435 199 1473 saepem
231 1424 348 1460 intra.
412 1419 481 1460 Sic
516 1420 823 1461 Lachmannus
858 1435 933 1475 pro
969 1437 1126 1461 cernere
1159 1438 1275 1462 nemo
1309 1438 1423 1475 saepe
1457 1437 1575 1474 supra

41 1491 146 1541 potis
169 1494 240 1528 est.

161 1555 214 1594 Ob
230 1554 342 1609 apud
358 1554 610 1595 Lucretium
626 1569 794 1609 semper
809 1556 943 1596 habet
958 1555 1320 1609 significationem
1339 1556 1572 1597 causalem.

41 1622 78 1672 I,
104 1624 205 1662 156:
238 1637 336 1676 quas
366 1623 409 1662 ob
444 1638 506 1663 763
538 1628 608 1664 ubi
641 1627 856 1664 viderimus
890 1628 945 1664 nil
979 1640 1092 1677 posse
1127 1628 1249 1664 creari
1283 1628 1331 1665 de
1359 1628 1442 1665 nilo
1465 1628 1571 1664 cett.

42 1689 81 1736 I,
107 1691 208 1730 639:
239 1694 366 1731 clarus
389 1691 433 1730 ob
457 1691 659 1730 obscuram
682 1692 874 1743 linquam.
919 1691 981 1741 ΙΙ,
1007 1693 1088 1731 929
1117 1695 1166 1731 ob
1188 1695 1338 1732 imbris.
1380 1692 1468 1742 ΙΙΙ,
1494 1694 1572 1733 257

41 1762 149 1798 hanc'
175 1761 225 1798 ob
253 1775 354 1808 rem,
382 1757 489 1798 item
512 1757 566 1808 V,
592 1761 716 1800 1150.
749 1759 828 1809 VI,
854 1760 950 1800 334.
977 1760 1077 1799 572:
1109 1763 1264 1812 saepius
1290 1760 1393 1799 bane
1423 1760 1468 1799 ob
1496 1774 1575 1799 rems

41 1829 254 1866 minitatur
274 1832 380 1866 terra
401 1830 545 1867 ruinas.
587 1842 629 1867 v.
654 1828 750 1868 873.
774 1826 856 1877 IV,
882 1828 960 1868 857
993 1831 1182 1867 utilitatis
1213 1828 1257 1866 ob
1283 1827 1474 1881 officiwn.
1517 1827 1572 1876 V,

43 1894 155 1933 1224
182 1893 331 1946 nequid
351 1894 395 1932 ob
418 1894 632 1934 adnmlssum
659 1898 773 1935 foede
803 1895 1000 1935 dictumve
1028 1898 1196 1948 superbe
1219 1911 1435 1948 poenarum
1457 1911 1575 1947 grave

47 1964 99 2000 sit
121 1964 301 2001 solvendi
322 1967 480 2014 tempus
506 1965 701 2002 adultum.

156 2027 287 2068 Penes
323 2043 408 2068 uno
445 2029 538 2069 loco
569 2029 783 2084 reperitur
810 2029 1072 2070 Lucretiano
1102 2029 1163 2080 II,
1191 2031 1297 2070 1010
1327 2047 1425 2071 neve
1455 2036 1574 2084 putes

44 2098 215 2135 aeterna
232 2110 356 2147 penes
377 2100 547 2138 residere
569 2104 726 2151 potesse
749 2114 912 2151 corpora
934 2101 1071 2151 prima.

158 2163 239 2203 Per
273 2165 310 2216 a)
346 2163 505 2204 dicitur
539 2164 591 2205 de
620 2165 717 2205 loco
753 2170 797 2205 et
831 2165 884 2205 de
917 2165 1045 2205 rebus
1078 2164 1123 2204 in
1151 2165 1248 2205 loco
1282 2165 1573 2206 versantibus.

43 2229 81 2279 I,
106 2231 157 2271 17
182 2245 300 2284 sqq.:
325 2246 406 2283 per
438 2232 567 2271 maria
601 2249 645 2273 ac
679 2233 823 2272 montis
844 2233 1076 2287 fluviosque
1109 2233 1270 2285 rapacis
1289 2233 1575 2288 frondfferas-

45 2314 121 2351 que
162 2298 293 2338 domos
333 2304 464 2340 avium
511 2314 744 2354 camposque
795 2300 961 2340 virentis
1001 2304 1184 2341 omnibus
1225 2304 1424 2341 incutiens
1465 2304 1576 2340 blan·

46 2369 140 2406 dum
170 2380 248 2418 per
278 2371 446 2418 pectora
486 2384 659 2408 amorem
699 2372 820 2409 efficis
858 2372 942 2408 etc.
997 2382 1039 2408 v.
1079 2370 1153 2408 30:
1203 2372 1313 2409 effice
1346 2374 1392 2409 ut
1424 2372 1577 2409 interea

52 2459 94 2463 —
130 2450 316 2474 moenera
355 2438 515 2475 militiai
552 2449 630 2487 per
670 2435 800 2475 maria
841 2452 884 2476 ac
927 2439 1055 2474 terras
1096 2436 1220 2475 omnis
1267 2461 1307 2466 —
1355 2440 1574 2490 quiescant.

47 2516 87 2541 v.
119 2503 222 2541 119:
252 2515 329 2553 per
355 2503 490 2553 yemis
524 2502 657 2542 Italas
690 2507 896 2544 hominum
930 2519 1029 2556 quae
1063 2507 1167 2544 clara
1199 2507 1362 2545 clueret.
1404 2519 1444 2543 v.
1472 2505 1573 2543 223:

47 2574 117 2609 aut
137 2573 246 2609 intus
275 2576 459 2622 penetret
484 2584 562 2622 per
582 2570 743 2610 inania.
786 2586 828 2610 v.
855 2572 955 2610 257:
984 2574 1076 2611 hinc
1098 2575 1221 2612 fessae
1244 2576 1413 2625 pecudes
1436 2575 1575 2624 pingui

44 2650 118 2687 per
130 2636 286 2688 pabula
310 2637 418 2676 laeta
445 2654 608 2691 corpora
629 2641 849 2692 deponunt.
890 2652 930 2678 v.
957 2640 1057 2678 260:
1082 2643 1175 2679 hinc
1196 2656 1299 2679 nova
1319 2643 1448 2693 proles
1470 2646 1576 2680 artu-

34 2707 120 2744 ‘bus
141 2707 306 2744 infirmis
329 2708 487 2744 teneras
508 2709 654 2746 lasciva
670 2720 745 2757 per
766 2705 905 2745 herbas
934 2709 1051 2747 ludit.
1092 2721 1132 2746 v.
1159 2708 1260 2747 340:
1285 2721 1361 2759 per
1380 2707 1510 2747 maria
1532 2724 1575 2747 ac

49 2774 178 2810 terrem
205 2771 455 2825 sublimaque
485 2777 594 2814 caeli.
637 2788 678 2813 v.
703 2775 806 2813 353:
829 2787 906 2825 per
934 2777 1094 2813 truncos
1121 2791 1164 2814 ac
1177 2788 1255 2826 per
1284 2789 1412 2814 ramos
1434 2779 1577 2816 diffun-
