1833 3048
804 34 1061 70 -9.,,

159 149 312 202 quibus
344 148 557 192 vocabula
588 147 700 190 unde
734 146 934 188 derivata
967 146 1068 194 sint,
1113 146 1356 199 explicatur
1390 170 1434 174 -
1467 142 1573 185 nihil
1608 154 1704 184 esse

156 219 428 271 frequentius
460 223 509 261 ut
541 219 843 269 demonstrem,
876 229 961 258 non
991 228 1163 269 possum
1193 228 1338 258 omnes
1360 215 1476 256 locos
1498 214 1580 255 huc
1611 225 1702 265 per-

157 289 351 331 tinentes
383 288 565 338 referre3
610 287 796 340 exempli
828 299 961 328 causa
994 286 1243 329 enumeravi
1275 286 1392 327 locos
1425 284 1497 335 qui
1528 283 1572 324 in
1603 282 1705 324 libri

157 360 208 400 de
240 359 318 400 1.1.
354 359 470 401 sexti
501 358 639 411 prima
671 360 800 410 parte
833 358 875 409 (ξ
903 360 1057 405 1—34)
1091 358 1292 398 exstant:
1326 354 1449 396 omisi
1481 356 1628 395 autem
1659 352 1704 395 in

157 429 444 482 computando
486 441 559 471 eos
602 427 754 480 quibus
796 439 880 469 non
913 428 1005 468 tam
1038 426 1221 479 simplex
1251 425 1429 468 verbum
1462 422 1703 466 substanti-

155 512 254 542 vum
288 513 416 551 quam
450 498 620 541 dicendi
651 498 722 541 vel
755 497 908 540 similis
930 496 1053 540 verbi
1075 495 1213 538 forma
1246 494 1417 549 generis
1449 492 1616 546 passivi
1648 491 1704 534 ad

157 570 426 612 sententiam
451 569 747 622 complendam
771 567 1063 619 desideratur,
1086 578 1187 608 nam
1209 565 1373 607 talibus
1394 563 1439 605 in
1462 562 1703 606 enuntiatis

156 639 247 681 fere
279 640 437 692 ubique
469 639 689 682 omittitur
719 639 897 681 verbum
928 637 1096 679 finitum
1119 661 1174 666 -—
1195 647 1334 688 neque
1354 634 1524 676 finitum
1553 633 1701 683 solum,

154 722 306 752 verum
339 710 473 752 etiam
505 709 761 762 infinitivus,
796 711 845 750 ut
866 708 961 752 VII
991 712 1043 748 64
1077 708 1316 750 Miracalae
1347 722 1374 749 a
1404 705 1539 750 miris,
1574 705 1618 746 id
1646 708 1704 746 est

154 783 371 835 monstris,
406 797 432 825 a
463 797 544 836 9110
581 781 737 824 Accius
774 781 835 823 ait
866 793 1074 835 personas
1111 779 1300 821 distortis
1331 777 1473 819 oribus
1504 774 1704 830 deformis

155 850 418 905 Mil-ionem.

273 921 414 962 Deest
446 920 584 974 igitur
616 919 769 973 copula
790 918 834 960 in
857 917 1100 961 enuntiatis
1128 916 1346 970 primariis
1369 929 1446 959 sex
1467 915 1558 958 fere
1580 913 1701 966 locis,

155 991 199 1032 in
232 990 475 1033 enuntiatis
507 989 709 1033 relativis
732 989 891 1041 decem,
924 989 968 1031 in
990 987 1232 1030 enuntiatis
1260 1000 1338 1040 per
1359 985 1703 1028 coniunctionem

154 1063 264 1115 911οᾱ
284 1060 595 1113 incipientibus
616 1072 771 1103 novem
793 1059 912 1112 locis,
947 1059 1081 1101 semel
1103 1059 1143 1112 (ξ
1169 1057 1211 1113 6)
1234 1060 1335 1111 post
1356 1055 1703 1099 coniunctionem

153 1148 259 1175 cam.
323 1131 495 1174 Deinde
527 1143 629 1174 vero
662 1142 745 1173 non
778 1129 917 1172 minus
950 1128 1215 1182 quadragies
1248 1131 1293 1170 et
1324 1127 1391 1170 bis
1424 1125 1702 1179 participium

151 1201 258 1254 perf.
293 1214 410 1254 pass.
445 1201 538 1244 sine
569 1202 702 1244 verbo
734 1200 857 1242 finito
890 1199 1066 1253 ponitur
1097 1199 1142 1241 in
1175 1197 1417 1241 enuntiatis
1449 1195 1604 1250 prioris
1638 1207 1702 1237 or-

153 1272 281 1320 dinis,
321 1272 428 1314 item
467 1272 512 1313 in
545 1274 691 1314 enunt.
725 1270 928 1313 relativis
960 1270 1123 1323 novies,
1158 1281 1252 1312 cum
1284 1268 1352 1311 his
1385 1265 1703 1320 quinquaginta

155 1342 246 1385 fere
278 1343 386 1385 locis
426 1346 524 1384 octo
567 1345 740 1384 tantum
782 1341 1077 1394 respondeant
1120 1340 1274 1392 quibus
1317 1339 1471 1392 copula
1512 1336 1701 1388 additur,

151 1413 222 1456 vel
265 1413 302 1455 si
344 1426 416 1455 008
458 1413 595 1465 10008,
641 1412 795 1464 quibus
836 1411 1116 1465 participium
1149 1409 1423 1464 coniungitur
1455 1419 1549 1450 cum
1579 1404 1703 1450 verbi

152 1483 423 1527 substantivi
464 1487 658 1536 tempore
700 1482 846 1525 futuro
890 1484 944 1535 (01
975 1498 1060 1537 qua
1091 1488 1218 1526 erant
1242 1517 1248 1525 .
1275 1516 1283 1525 .
1309 1516 1317 1524 .
1348 1481 1577 1524 coniuncta
1608 1478 1632 1530 ἓ
1661 1476 1701 1531 1)

153 1558 230 1596 aut
262 1553 515 1607 imperfecto
550 1555 642 1609 (9111
666 1589 674 1597 .
700 1589 708 1597 .
735 1589 742 1597 .
767 1559 891 1598 eram}
922 1555 1016 1598 nati
1049 1556 1071 1603 ξ
1097 1554 1138 1606 5)
1171 1556 1248 1594 aut
1280 1550 1474 1603 perfecto
1509 1548 1602 1604 (9111
1626 1583 1633 1591 .
1660 1582 1668 1591 .
1693 1581 1701 1589 .

150 1641 240 1669 mm
287 1628 468 1681 fuerunt
516 1626 664 1681 feriati
711 1623 735 1680 ξ
773 1628 823 1664 13
856 1623 929 1678 111),
977 1622 1139 1665 includi
1186 1622 1339 1674 mavis,
1386 1618 1598 1662 undecim.
1646 1641 1701 1648 ——

152 1695 305 1737 Etiam
337 1695 545 1749 gerundio
577 1694 899 1749 gerundivoque
927 1694 1053 1748 longe
1076 1693 1325 1746 plerumque
1358 1691 1420 1733 sic
1453 1690 1518 1731 uti
1540 1689 1702 1733 Varro-

149 1777 261 1819 nem,
294 1769 344 1807 ut
375 1766 553 1808 verbum
587 1781 671 1810 esse
701 1778 786 1807 non
819 1765 968 1817 addat,
1001 1776 1143 1806 rerum
1174 1762 1436 1805 rusticarum
1467 1759 1568 1803 libri
1590 1757 1701 1801 satis

151 1835 470 1878 demonstrant.
535 1835 624 1878 Ofr.
657 1836 872 1878 Heidrich
903 1831 1207 1879 ‘Varroniana'
1242 1846 1342 1886 pag.
1379 1836 1416 1872 6.

270 1906 357 1949 Sed
390 1906 459 1948 his
492 1906 598 1948 10018
632 1919 726 1948 011111
758 1907 936 1949 verbum
959 1905 1070 1958 quod
1095 1905 1219 1946 deest
1241 1902 1448 1945 facillime
1480 1900 1699 1951 audiatur,

149 1978 327 2018 restant
359 1977 553 2019 nonnulli
575 1977 728 2029 quibus
751 1976 907 2018 omisso
931 1976 1062 2018 verbo
1084 1974 1207 2016 finito
1231 1971 1461 2016 durissima
1484 1968 1704 2013 enuntiati

150 2048 380 2088 structura
414 2046 622 2097 efficitur3
673 2059 850 2099 quorum
882 2047 995 2088 hunc
1026 2045 1147 2091 illum
1179 2043 1326 2086 afferri
1356 2042 1492 2085 liceat
1525 2043 1703 2093 propter

150 2116 443 2159 Schmalzium
483 2118 555 2170 qui
588 2116 631 2173 (ξ
659 2120 710 2157 10
733 2121 774 2168 a)
808 2117 892 2159 ait:
943 2116 1152 2169 „Tacitus
1176 2148 1182 2154 .
1209 2146 1216 2154 .
1243 2146 1251 2155 .
1275 2114 1400 2166 lasst,
1444 2111 1527 2154 wie
1569 2111 1702 2152 schon

155 2185 323 2239 Cicero,
369 2186 540 2230 Sallust
582 2188 668 2230 und
709 2189 852 2233 Varro
894 2187 937 2229 in
980 2187 1294 2229 Nebensatzen
1337 2195 1383 2225 08
1425 2183 1553 2234 thun,
1597 2181 1703 2222 aber

150 2257 260 2298 ohne
293 2256 573 2311 aufzufallen,
608 2257 676 2300 die
699 2258 876 2311 Kopula
907 2257 952 2299 in
984 2257 1158 2299 solchen
1183 2255 1348 2298 Satzen
1379 2253 1423 2296 in
1456 2250 1703 2304 auffalliger

148 2326 300 2369 Weise
332 2334 450 2369 aus.“

270 2398 310 2440 V
346 2401 398 2437 28
437 2399 674 2443 Antemnae
721 2398 955 2451 (dicuntur)
999 2400 1108 2453 quod
1143 2402 1242 2441 ante
1278 2398 1436 2449 amniS,
1476 2394 1550 2448 9111
1585 2392 1702 2436 Anio

152 2465 235 2523 [sic
265 2468 316 2509 L.
351 2467 541 2522 Spengel
578 2468 821 2511 rectissime
852 2481 928 2521 pro
966 2481 1006 2511 v.
1041 2467 1207 2509 tradito
1246 2464 1436 2523 quanto],
1468 2464 1622 2519 influit
1651 2464 1702 2506 in

156 2538 355 2581 Tiberim.
420 2537 692 2580 Simillimum
734 2539 871 2581 locum
914 2539 1070 2580 attulit
1113 2537 1162 2580 Ο.
1195 2537 1370 2580 Muller:
1412 2536 1455 2581 V
1499 2538 1550 2574 58
1592 2531 1699 2574 init:

148 2622 283 2662 neque
333 2613 382 2652 at
432 2611 575 2665 volgus
618 2614 746 2665 putat
795 2611 841 2653 111
885 2610 1176 2653 Samothraces
1226 2611 1301 2664 dii,
1349 2609 1423 2663 9111
1471 2605 1618 2650 Castor
1664 2607 1701 2646 et

270 2758 298 2803 ¹)
325 2759 418 2793 Item
455 2759 491 2793 in
527 2759 727 2794 enuntiatis
760 2769 852 2803 quae
868 2789 872 2793 .
888 2759 1154 2794 coniunctivum
1181 2759 1368 2804 flagitant,
1399 2770 1428 2794 e.
1455 2770 1490 2804 g.
1516 2758 1548 2793 V
1573 2757 1595 2791 '7
1620 2754 1701 2801 quis

149 2816 242 2850 enim
268 2827 340 2852 non
367 2817 460 2852 videt
486 2818 581 2852 unde
607 2818 909 2865 Arqentifodz'nae
935 2822 969 2853 et
999 2817 1196 2854 Ve'ocurus?
