1833 3048
735 55 1022 91 ,88-

851 168 911 210 II.

586 249 896 305 Epimetrum
930 248 1173 294 criticum.

820 342 839 382 Ι
874 346 942 383 24.

227 429 314 471 Ille
345 429 474 471 aflicit
505 426 555 470 ab
587 428 724 470 eodem.
755 426 956 480 scriptore
988 427 1071 466 etc.

223 499 292 540 De
329 498 410 539 hoc
451 498 544 539 1000
586 500 686 549 post
724 494 1040 538 Zahlfeldtium
1084 494 1329 548 disputavit
1371 493 1423 536 O.
1464 493 1658 536 Rossner

109 569 177 612 ‘de
208 581 352 622 praep.
387 568 441 609 ab
475 567 527 609 de
560 579 613 609 ex
644 578 724 608 usu
748 563 886 609 Varr?
922 578 960 617 p.
998 569 1047 605 15
1083 577 1142 616 sq.
1196 564 1333 606 Nemo
1358 563 1498 606 adhuc
1528 563 1573 605 in
1606 575 1656 606 eo

108 639 282 681 videtur
314 638 544 681 offendisse
577 637 689 690 quod
722 636 900 679 Scrofae
939 636 1075 678 verba
1114 648 1141 677 a
1172 636 1373 679 Varrone
1411 647 1495 676 non
1533 637 1659 676 recta-

107 709 301 752 oratione
334 708 585 761 afferuntur,
628 707 704 750 sed
737 706 923 759 obliqua.
978 707 1168 759 Propter
1205 707 1480 748 constantem
1513 707 1660 747 autem

108 780 153 823 in
174 779 240 822 his
272 779 396 821 libris
418 778 631 823 Varronis
663 789 786 820 usum
820 776 1022 829 obliquae
1045 775 1257 818 orationis
1291 787 1423 818 causa
1446 787 1498 817 ea
1531 775 1661 817 debet

107 863 203 893 esse
236 850 347 903 quod
380 849 532 893 Scrofa
562 861 646 891 non
685 861 764 891 sua
795 847 962 901 profert
995 847 1071 890 sed
1103 846 1285 890 Catonis
1323 847 1472 888 verba.
1535 844 1660 900 Quod

109 921 387 964 confirmatur
419 919 565 973 capite
600 924 666 972 26,
701 931 781 971 quo
815 930 925 971 quae
958 917 1238 960 continentur
1270 928 1365 959 cum
1397 929 1482 958 non
1512 915 1600 958 iam
1637 928 1659 958 e

109 991 291 1035 Catonis
332 990 442 1033 libro
480 994 654 1043 sumpta
697 989 786 1032 sint
829 989 905 1031 sed
947 1001 973 1030 a
1014 987 1166 1031 Scrofa
1212 987 1264 1030 de
1307 999 1382 1029 suo
1428 986 1657 1039 addantur,

112 1062 252 1105 oratio
283 1064 407 1103 recta
441 1064 509 1103 est
543 1072 626 1102 non
659 1059 845 1112 obliqua.
909 1059 1008 1101 Hoc
1041 1061 1189 1101 autem
1226 1061 1347 1100 recte
1380 1070 1406 1099 a
1437 1057 1658 1099 Rossnero

110 1133 302 1185 itemque
344 1145 370 1174 a
417 1131 565 1174 Keilio
612 1131 657 1173 in
703 1143 851 1172 comm.
897 1129 1129 1182 statuitur,
1181 1140 1414 1181 pronomen
1460 1129 1559 1171 Ille
1605 1126 1663 1168 ad

111 1202 307 1246 Scrofam
338 1202 489 1254 utique
521 1201 793 1244 referendum
825 1212 937 1242 esse.
991 1200 1129 1255 Quem
1160 1210 1262 1242 vero
1295 1199 1435 1241 locum
1466 1198 1662 1240 Rossner

113 1275 338 1326 comparat
360 1272 401 1325 (I
437 1273 517 1325 10),
554 1284 603 1314 eo
626 1283 705 1325 ego
728 1271 794 1312 ita
826 1273 929 1313 utar
950 1273 1000 1312 ut
1032 1270 1168 1312 multo
1190 1269 1351 1312 maiore
1383 1268 1477 1311 iure
1498 1270 1661 1310 utrum-

112 1356 193 1396 que
226 1343 364 1385 locum
397 1341 582 1384 conferri
615 1344 841 1395 appareat.

231 1413 495 1455 Persuasum
538 1411 651 1454 enim
692 1412 830 1454 habeo
874 1410 1008 1454 etiam
1054 1411 1134 1452 hoc
1175 1409 1267 1452 1000
1310 1420 1542 1462 pronomen
1584 1409 1665 1451 Ille

114 1484 207 1526 sine
229 1484 360 1526 verbo
392 1483 515 1525 finito
537 1482 726 1536 positum
760 1494 855 1524 esse
888 1486 933 1524 et
964 1494 1004 1523 v.
1038 1483 1167 1526 adicit
1189 1492 1284 1522 cum
1315 1479 1460 1522 verbis
1484 1477 1664 1522 Scrofae

114 1554 471 1608 coniungendum.
517 1553 668 1595 Scribo
689 1552 843 1606 igitur:
868 1553 902 1594 I
904 1554 965 1605 lle,
989 1553 1175 1595 Adicita
1188 1567 1211 1593 r
1233 1552 1281 1594 ab
1299 1553 1435 1594 eodem
1452 1551 1663 1605 scriptore.

233 1626 329 1666 Iam
362 1623 534 1666 tollitur
572 1623 748 1666 offensio
788 1635 915 1674 quam
953 1620 1288 1675 praepositionis
1320 1623 1369 1664 ab
1399 1632 1503 1662 usus
1535 1619 1666 1672 plane

116 1695 339 1738 inauditus
363 1694 589 1746 offerebat3
615 1697 660 1736 et
682 1694 817 1736 verba
850 1696 1036 1738 aflicitur
1058 1695 1106 1737 ab
1135 1694 1271 1736 eodem
1293 1693 1493 1747 scriptore
1515 1689 1667 1732 eadem

116 1766 287 1808 ratione
326 1765 471 1818 posita
511 1767 613 1807 sunt
659 1768 793 1816 atque
835 1764 945 1806 haec
985 1764 1010 1805 Ι
1054 1766 1149 1815 22,5
1193 1764 1398 1806 dicantar
1439 1763 1488 1805 ab
1531 1763 1668 1805 eodem

117 1839 318 1892 scriptore
350 1848 460 1888 quae
492 1847 604 1878 1111110
638 1835 805 1877 demum
837 1834 929 1876 iure
961 1832 1148 1875 conferri
1181 1834 1377 1885 possunt.

231 1907 300 1949 De
343 1906 590 1959 corruptela
632 1905 708 1947 cfr.
743 1906 819 1947 ΠΙ
855 1908 946 1953 16,7
982 1906 1238 1951 ᾱέσηυκην)
1282 1919 1342 1955 ..;
1387 1901 1440 1944 de
1472 1900 1668 1944 subiecto

114 1979 200 2021 Ille
231 1977 324 2020 sine
347 1976 517 2019 dicendi
548 1977 680 2019 verbo
703 1976 864 2028 posito:
890 1975 1100 2017 Kiihnast
1132 1987 1171 2027 p.
1206 1977 1312 2025 2783
1347 1972 1400 2015 de
1423 1970 1669 2015 accusativi

123 2060 219 2090 cum
241 2046 457 2090 infinitivo
481 2049 705 2089 structura
727 2058 781 2088 ex
803 2044 1020 2088 adiciendi
1042 2045 1174 2088 verbo
1200 2042 1433 2096 pendente:
1458 2040 1668 2093 Schmidt,

116 2119 154 2159 J.
190 2118 344 2160 Jahrb.
383 2120 476 2169 143,
518 2119 610 2157 194.

833 2209 858 2251 Ι
892 2212 956 2249 39.

234 2293 394 2338 Nonne
431 2294 618 2337 ridemus
656 2293 743 2336 alia
773 2292 933 2347 florere
974 2306 1101 2335 verno
1139 2295 1336 2346 tempore,
1377 2290 1464 2333 alia
1501 2288 1668 2341 aestivo,

122 2380 256 2420 neque
306 2366 446 2408 eadem
488 2364 731 2408 autumnali
773 2376 877 2414 qaae
917 2361 1122 2416 hiberno?
1154 2362 1294 2416 itaque
1334 2361 1422 2404 alia
1467 2363 1672 2403 seruntur

119 2440 242 2491 atque
273 2436 528 2479 inseramur
561 2439 596 2477 et
627 2438 847 2477 metuntur
878 2438 976 2477 ante
997 2437 1071 2476 aut
1095 2436 1338 2487 postquam
1369 2431 1488 2483 aliem
1510 2434 1546 2473 et
1578 2444 1671 2473 cum

120 2508 316 2562 pleraque
366 2520 458 2550 vere
499 2520 626 2560 quam
667 2508 872 2548 autumno
914 2504 1183 2554 inserantur,
1228 2501 1397 2543 circiter
1442 2501 1669 2543 solstitium

120 2577 255 2620 inseri
279 2576 387 2631 ficos
418 2591 494 2620 nec
524 2589 615 2618 ozon
646 2575 904 2617 brumalibus
935 2573 1082 2616 diebus
1114 2585 1286 2615 cerasos.

243 2644 453 2688 Stuctura
495 2644 578 2686 loci
624 2656 677 2686 ex
707 2642 847 2686 Keilii
889 2641 1080 2685 editione
1125 2652 1208 2682 non
1251 2638 1363 2682 satis
1400 2638 1671 2692 perspicitur.

123 2715 207 2770 Qui
240 2715 351 2757 enim
382 2715 545 2770 legitur
577 2713 856 2757 accusativus
889 2725 982 2755 cum
1005 2710 1218 2754 infinitivo
1251 2712 1418 2754 circiter
1449 2711 1672 2754 solstitium

123 2786 256 2830 inseri
282 2786 390 2840 ficos
422 2787 519 2837 etc„
562 2783 772 2837 explicari
804 2782 956 2835 nequit
988 2781 1073 2825 nisi
1105 2793 1157 2824 ex
1189 2779 1364 2823 videndi
1397 2780 1527 2822 verbo
1561 2779 1673 2831 quod

121 2855 347 2909 praecedit
380 2867 473 2897 eum
497 2854 684 2908 pendere
717 2854 837 2897 dicas
865 2856 911 2896 et
931 2851 1150 2907 particula
1172 2857 1208 2895 et
1230 2852 1334 2893 ante
1357 2865 1451 2894 cum
1468 2851 1675 2906 pleraque
