1833 3048
826 766 956 808 Pars
989 766 1055 809 ΙΙ.

297 870 430 946 De
484 873 983 946 elocutione
1034 871 1596 950 Varroniana

703 989 885 1042 capita
917 992 1179 1042 quattuor.

822 1142 992 1196 Caput
1025 1144 1060 1185 Ι.

594 1223 665 1267 De
698 1223 1005 1268 abundantia
1039 1225 1299 1268 sermonis.

882 1308 905 1359 ξ
940 1310 1007 1348 as.

284 1375 390 1419 Cum
426 1376 541 1429 apud
569 1376 730 1418 nullum
755 1376 1009 1429 scriptorem
1033 1376 1177 1419 desint
1201 1377 1399 1430 exempla
1423 1378 1719 1421 abundantiae

169 1446 410 1499 cuiusdam,
460 1446 669 1500 imprimis
718 1447 830 1499 apud
879 1459 950 1489 eos
998 1447 1185 1490 inveniri
1227 1451 1434 1501 poterunt
1476 1449 1548 1501 qui
1591 1462 1719 1501 quam

169 1518 361 1570 proxime
416 1518 631 1560 accedunt
679 1518 735 1559 ad
783 1530 1018 1560 sermonem
1066 1519 1293 1572 vulgarem
1341 1532 1465 1571 quem
1513 1519 1722 1562 eiusmodi

167 1588 340 1641 plenam
381 1589 667 1631 elocutionem
707 1589 751 1630 in
785 1589 953 1631 deliciis
986 1590 1147 1632 habere
1180 1590 1315 1632 etiam
1348 1590 1462 1644 apud
1495 1593 1720 1633 nostrates

166 1658 446 1712 cognoscitur
470 1659 516 1714 1).

287 1729 359 1773 Sic
392 1729 544 1772 Cicero
589 1742 670 1782 quo
712 1730 850 1772 maior
888 1733 997 1772 natu
1038 1743 1246 1783 quemque
1277 1730 1433 1773 librum
1467 1731 1719 1783 composuit,

167 1813 216 1843 eo
263 1800 404 1854 magis
456 1813 481 1842 a
531 1800 794 1853 pleonasmis
843 1801 914 1853 qui
968 1801 1170 1843 dicuntur
1223 1801 1439 1843 abstinuit
1461 1800 1514 1856 2);
1569 1805 1723 1844 contra

168 1870 340 1912 libellus
374 1870 426 1912 de
449 1871 575 1913 Bello
598 1870 885 1924 Hispaniensi
918 1871 1038 1913 cuius
1072 1874 1238 1924 auctor,
1273 1871 1311 1914 si
1342 1871 1437 1924 quis
1471 1871 1595 1923 alius,
1630 1872 1722 1915 vul-

170 1941 269 1995 gari
301 1953 495 1983 sermone
527 1941 680 1991 utitur,
717 1941 912 1983 abundat
944 1941 1208 1994 pleonasmis
1231 1941 1272 1993 3).

289 2011 475 2054 Omnino
507 2024 592 2053 non
625 2012 733 2053 adeo
766 2025 897 2065 saepe
929 2011 1208 2065 proferuntur
1236 2013 1433 2065 exempla
1456 2013 1721 2067 singulorum

169 2082 428 2135 scriptorum
462 2082 649 2135 propria,
688 2083 764 2124 sed
796 2083 922 2136 longe
945 2083 1195 2135 plerumque
1218 2095 1270 2124 ea
1293 2095 1402 2134 quae
1425 2083 1540 2135 apud
1561 2084 1721 2127 multos

170 2152 406 2205 scriptores
438 2152 632 2195 redeunt.
685 2152 758 2195 Sic
790 2153 1002 2198 Varronis
1035 2153 1118 2195 loci
1151 2153 1223 2205 qui
1254 2153 1336 2194 huc
1368 2153 1549 2207 faciunt,
1584 2154 1721 2196 maxi‘

296 2281 321 2322 1)
350 2280 427 2322 Qua
462 2281 505 2315 de
540 2291 579 2315 re
613 2280 678 2315 esr.
706 2280 906 2325 Segebade,
932 2280 1028 2315 Diss.
1056 2280 1136 2314 Hal.
1165 2281 1215 2314 IV
1243 2281 1320 2314 298.
1372 2279 1597 2323 Quamquam
1621 2285 1722 2317 recte

171 2342 295 2373 monet
321 2339 489 2373 Kiihnast
513 2350 546 2382 p.
574 2340 660 2383 275,
688 2350 796 2383 saepe
822 2339 1082 2373 abundantiam
1110 2349 1201 2381 quae
1227 2339 1395 2373 videatur
1428 2339 1510 2382 pari
1545 2339 1624 2375 iure
1657 2352 1721 2385 pro

171 2397 339 2432 ubertate
374 2397 489 2441 accipi
523 2408 649 2441 posse,
684 2398 715 2432 si
750 2397 892 2441 quidem
928 2398 970 2432 de
1005 2397 1142 2432 duobus
1169 2397 1333 2432 terminis
1361 2397 1538 2433 similibus
1564 2400 1721 2434 alterum

173 2456 289 2491 altero
318 2456 557 2500 qualicunque
583 2457 725 2491 ratione
752 2456 938 2491 immutari
966 2467 1006 2490 ac
1034 2456 1177 2490 deflecti
1205 2461 1367 2492 statuere
1393 2457 1521 2500 possis.

293 2515 321 2560 2)
350 2515 427 2558 Qua
454 2515 497 2550 de
524 2526 565 2550 re
593 2516 657 2550 cfr.
686 2515 873 2550 Hellmuth
898 2515 977 2550 Act.
1000 2514 1221 2550 Sem.Er1.1
1250 2516 1326 2558 165,
1353 2515 1566 2550 Thielmann
1591 2527 1623 2560 p.
1644 2516 1724 2551 361.

179 2574 220 2607 In
247 2573 470 2608 orationibus
496 2573 710 2618 Philippicis
737 2584 888 2617 quarum
915 2584 1031 2608 sermo
1059 2573 1167 2608 etiam
1196 2573 1277 2608 aliis
1302 2572 1339 2608 in
1373 2574 1480 2609 rebus
1507 2574 1552 2608 ad
1584 2574 1724 2618 priores

174 2631 290 2666 libros
318 2632 466 2676 propius
494 2633 637 2667 accedit
662 2632 906 2667 abundantiae
932 2632 1095 2675 exempla
1121 2642 1191 2666 non
1217 2642 1299 2666 raro
1326 2632 1482 2668 inveniri
1506 2633 1611 2668 docet
1628 2633 1725 2668 Hau-

175 2690 289 2724 schild
315 2690 409 2724 Diss.
436 2691 519 2725 Hal.
548 2692 599 2725 VI
625 2692 704 2726 282.

295 2748 321 2793 3)
349 2748 422 2784 Cfr.
480 2749 694 2794 Degenhart
724 2749 780 2783 ‘de
814 2748 973 2783 auctoris
1012 2748 1103 2782 Belli
1137 2747 1390 2791 Hispaniensis
1432 2749 1646 2784 elocutione’
1690 2761 1724 2794 p.

176 2808 194 2840 2
223 2817 300 2849 sqq.
353 2807 447 2842 Vide
481 2807 591 2842 etiam
617 2808 755 2841 Kohler
787 2806 843 2841 ‘de
879 2811 974 2841 auct.
1003 2806 1095 2840 Belli
1120 2806 1198 2841 Afr.
1226 2812 1264 2841 et
1288 2807 1389 2851 Hisp.
1422 2808 1618 2843 latinitate'
1643 2809 1724 2844 Act.

177 2863 268 2899 Sem.
296 2865 369 2899 Erl.
397 2865 415 2899 I
441 2866 509 2899 445
537 2870 574 2900 et
599 2866 656 2910 (de
686 2865 786 2900 Bello
814 2864 952 2910 Africo)
978 2865 1144 2900 Wclfflin
1170 2866 1278 2901 Arch.
1305 2865 1356 2901 VI
1382 2866 1450 2902 103
1476 2877 1528 2910 sq.
