1833 3048
754 49 1043 86 ...10-

125 163 293 206 Pollux.
344 160 431 204 Ofr.
457 161 533 203 IX
567 165 617 201 67
653 162 730 205 cclii
757 164 926 217 yenerz's
958 164 1067 206 enirn
1102 165 1250 207 vinum
1271 165 1381 218 quod
1403 162 1522 216 Chio,
1556 164 1677 207 aliud

124 234 233 288 quod
264 233 407 286 Lesbo,
440 233 501 276 sio
532 247 583 276 ex
613 233 858 288 regionibus
889 232 1001 277 aliis.

851 362 874 412 ξ
907 364 946 401 4.

245 443 489 486 Praeterea
521 454 615 484 cum
648 441 826 484 adamet
857 442 1000 487 Varro
1032 441 1294 485 infinitivum
1327 458 1443 487 esse
1475 443 1678 486 omittere

128 514 173 557 in
205 512 440 556 structuris
472 511 732 556 nominativi
761 524 855 554 cum
877 511 953 555 inf.
978 511 1096 567 (nam
1119 511 1172 554 de
1195 512 1343 554 eodem
1365 513 1496 556 verbo
1520 513 1676 557 omisso

130 585 173 627 in
215 587 439 626 structura
482 581 727 626 accusativi
769 594 863 625 cum
904 582 1021 625 infin.
1063 581 1171 636 perf.
1216 585 1293 625 aut
1334 582 1414 626 fut.
1456 596 1541 626 non
1572 596 1677 638 opus

130 656 199 697 est
242 653 487 706 disserere),
527 665 611 696 non
649 664 748 695 raro
780 652 915 696 verba
947 652 1070 696 velut
1101 652 1228 695 haec:
1264 669 1386 708 posse
1417 655 1501 698 dict
1530 657 1676 710 meteri,

131 725 223 767 sine
256 723 474 767 infinitivo
506 723 722 778 leguntur.
784 723 998 776 Exempla
1030 722 1247 776 proferam
1279 723 1405 766 haec:

247 799 296 847 1.,
323 810 494 851 posse:
534 794 577 839 V
610 797 662 834 38
707 794 887 850 Propter
927 795 1078 838 horum
1120 795 1446 839 similitudinem
1486 797 1537 840 in
1581 797 1679 840 urbe

126 868 213 910 loca
247 880 364 922 pura
394 865 543 919 Areae,
582 880 609 909 α
641 880 720 920 quo
755 869 886 920 potest
923 866 1049 908 etium
1079 865 1169 908 Ara
1201 865 1355 919 Deum,
1396 867 1506 921 quod
1539 880 1679 922 pura,⁴

125 937 193 981 VI
229 940 280 977 58
325 937 433 991 quod
465 951 488 979 α
529 936 646 979 verbo
684 950 832 992 yraeeo
873 940 1003 990 potest
1044 936 1322 989 declinatumj
1364 935 1432 980 VI
1465 939 1517 976 68
1560 936 1615 980 Id
1653 952 1678 980 α

126 1006 333 1060 θριάμβῳ,
368 1021 395 1050 α
421 1021 570 1062 yrueoo
611 1006 758 1049 Ia'berz‘
799 1010 1066 1061 coynomento
1101 1010 1236 1061 potest
1277 1006 1446 1049 dictum.
1510 1005 1676 1049 Contra

126 1077 196 1122 VI
221 1080 271 1117 73
295 1077 443 1121 Etiam
463 1077 564 1132 Spes
585 1091 612 1120 α
642 1075 797 1132 Sponte
811 1080 947 1131 potest
978 1090 1063 1119 esse
1093 1076 1315 1120 declinata.
1359 1074 1466 1117 Alia
1496 1075 1675 1131 collegit

127 1147 176 1191 O.
212 1147 372 1189 Miiller
404 1146 460 1189 ad
492 1146 535 1191 V
569 1149 635 1186 38.
698 1146 752 1188 In
784 1145 1004 1200 Mergueti
1047 1145 1098 1187 de
1143 1143 1364 1188 Ciceronis
1408 1145 1676 1189 orationibus

125 1217 265 1260 lexico
297 1217 411 1260 hanc
443 1215 615 1270 ellipsin
650 1218 1028 1258 commemoratam
1059 1227 1144 1257 11011
1175 1215 1334 1259 inveni.

244 1291 294 1340 2.,
328 1289 453 1332 dici:
484 1287 527 1332 V
563 1291 642 1328 158
675 1288 881 1331 dicuntur
911 1287 1149 1342 aedificati;
1179 1286 1221 1330 V
1258 1290 1337 1327 159
1371 1288 1576 1331 dictentur
1607 1303 1675 1330 czt-

125 1360 290 1413 stodz'tz‘;
341 1358 366 1400 I
410 1361 447 1412 2,
484 1361 535 1398 20
580 1359 704 1402 orbor
747 1359 836 1402 olea
877 1372 984 1413 quae
1017 1359 1211 1413 primum
1252 1358 1411 1401 dicitur
1452 1358 1509 1401 ibt
1550 1362 1677 1410 παίω·

124 1429 201 1471 ΙΠ
234 1433 255 1468 5
291 1431 402 1471 extr.
435 1429 486 1472 P.
511 1430 651 1485 suryit
681 1429 792 1484 quod
823 1429 914 1472 eius
946 1429 1165 1472 candidati
1198 1433 1334 1472 custos
1366 1429 1580 1472 dicebatur
1611 1429 1675 1471 de-

118 1515 306 1555 prensus
339 1498 431 1553 (cfr.
453 1499 530 1541 111
554 1502 621 1553 5‚8
656 1499 899 1544 ornithonis
928 1499 1002 1554 qui
1033 1500 1172 1542 animi
1205 1513 1335 1542 causa
1366 1500 1620 1543 constitutus
1651 1514 1677 1542 α

125 1575 163 1613 te
187 1604 194 1612 .
222 1604 229 1612 .
256 1605 263 1613 .
287 1569 444 1626 fertur)

245 1645 296 1689 3.,
332 1641 520 1683 rideri:
557 1639 625 1684 VI
662 1642 710 1679 18
754 1640 861 1684 Dies
898 1639 1147 1696 Poplifugia
1193 1641 1360 1683 ridetur
1405 1641 1676 1684 nominatus:

125 1710 194 1753 VI
229 1713 282 1751 83
315 1711 379 1754 Ab
410 1712 588 1754 auribus
619 1711 739 1754 verba
772 1712 972 1754 videntur
1003 1712 1114 1754 diota
1144 1710 1286 1754 Audio
1319 1715 1356 1754 et
1385 1710 1602 1754 Ausculto.

247 1780 375 1823 Haec
409 1780 490 1822 duo
529 1781 678 1834 verba,
723 1782 809 1824 diei
847 1784 892 1822 et
930 1782 1077 1828 videri,
1113 1780 1247 1822 etiam
1279 1779 1394 1834 apud
1426 1778 1675 1823 Ciceronem

127 1851 280 1894 eadem
312 1850 536 1894 brevitate
567 1852 798 1904 ponuntur.

760 2132 945 2187 Caput
976 2132 1038 2176 Π.

338 2228 412 2273 De
441 2225 656 2272 subiecti
689 2228 739 2272 et
770 2224 1049 2281 praedicati
1082 2225 1464 2282 congruentia1).

856 2345 880 2396 ξ
905 2348 942 2385 5.

247 2426 502 2471 Subiectum
534 2426 572 2469 si
610 2428 787 2469 constat
820 2424 983 2467 duobus
1022 2437 1046 2467 e
1083 2423 1376 2468 substantivis
1417 2424 1462 2467 in
1501 2435 1676 2467 numero

129 2497 343 2553 singulari
375 2497 544 2550 positis,
587 2496 890 2551 praedicatum
930 2494 1037 2538 item
1074 2493 1165 2538 fere
1208 2496 1465 2536 constanter
1495 2493 1676 2537 eundem

127 2581 349 2612 numerum
392 2567 582 2610 exhibet.
646 2565 839 2609 Pluralis
882 2564 995 2608 enim
1036 2563 1311 2618 paucissimis
1354 2566 1527 2606 tantum
1568 2563 1676 2606 locis

127 2641 280 2681 exstat
311 2642 400 2690 (eos
432 2638 549 2680 locos
573 2636 726 2690 quibus
750 2636 803 2678 de
825 2635 1044 2677 hominum
1066 2633 1320 2682 nominibuS,
1354 2646 1439 2676 non
1461 2634 1514 2676 de
1534 2645 1675 2676 rerum

124 2707 348 2751 vocabulis
381 2707 541 2762 agitur,
576 2718 688 2749 nunc
720 2705 908 2759 omitto);
943 2704 1036 2749 scil.
1070 2704 1121 2748 II
1152 2703 1284 2755 praef.
1318 2707 1341 2744 3
1374 2706 1537 2749 relictis
1567 2705 1675 2760 falce

249 2845 274 2889 ¹)
302 2843 488 2880 Ciceronis
514 2854 619 2880 usum
645 2844 822 2881 tractavit
846 2844 936 2880 Anz
962 2843 999 2879 in
1024 2853 1145 2890 progr.
1173 2842 1362 2886 Quedlinb.
1389 2852 1420 2878 a.
1450 2842 1549 2878 1884.
