1833 3048
783 53 831 86 57

50 178 297 230 ‘pullastrani'
329 184 364 220 h.
398 194 429 221 e.
461 184 600 231 gallina
630 184 853 238 adolescens
884 188 922 222 et
961 185 1109 222 confert
1138 197 1170 222 v.
1202 188 1385 233 pullaster
1427 186 1568 231 πῶλος

55 262 101 288 ex
122 251 235 298 gloss.
254 251 373 288 Labb.
393 250 480 287 Alia
500 250 664 288 eiusdem
685 251 834 297 generis
858 251 1040 289 vocabula
1061 252 1294 300 collegerunt
1310 249 1570 291 Staclemmzd

52 317 204 362 (Herm.
235 317 264 360 Ι,
299 318 402 353 1866
433 328 468 362 p.
501 314 597 362 283)
628 319 666 353 et
695 317 975 354 romaniearum
1007 317 1221 365 linguarum
1254 319 1384 357 habita
1421 322 1568 358 ratione

50 379 159 419 De'ez
190 383 360 420 Gramm.
390 381 460 428 11⁸,
495 383 596 430 3903
626 383 718 419 391.

699 543 918 571 ADVERBIA.

739 662 763 709 ς·
794 665 856 698 25.

161 738 287 776 Pauca
324 740 513 776 monenda
560 744 644 776 sunt
673 740 717 776 (le
762 739 948 776 adverbiis
976 742 1013 776 in
1047 739 1084 775 -ἑ
1125 741 1356 786 exeuntibus,
1407 753 1563 788 quorum

49 805 149 851 apud
183 806 388 842 Varronem
422 804 681 841 memorabilia
711 810 797 841 sunt
832 806 942 843 haec:

51 881 252 918 continue:
286 882 328 918 L.
361 882 404 918 L.
437 883 479 925 V,
513 884 563 918 27
595 877 743 920 ‘flumen
775 884 872 930 quod
921 883 1004 921 fluit
1036 880 1220 923 continue'
1259 891 1296 923 et
1334 887 1433 923 idem
1464 887 1563 923 Non.

135 948 224 993 376,
258 950 307 984 26
341 943 547 985 'Protinusz
577 950 716 995 iugiter
747 953 784 985 et
813 945 1011 987 continue'.
1045 951 1117 988 Sed
1149 963 1195 989 ne
1240 953 1433 989 existimes
1469 953 1566 990 Var-

132 1025 263 1052 ronem
294 1016 391 1052 hanc
422 1016 539 1052 solam
564 1016 722 1053 formam
739 1016 965 1061 adhibuisse,
999 1017 1081 1055 vide
1098 1018 1141 1054 L.
1174 1019 1215 1055 L.
1236 1018 1406 1063 VII,13;
1436 1020 1480 1057 R..
1516 1019 1561 1056 R.

135 1082 163 1126 1,
204 1084 262 1126 18,
295 1084 331 1127 (3,
363 1082 427 1119 ubi
458 1082 579 1120 fornia
609 1083 726 1120 multo
756 1083 931 1120 usitatior
963 1074 1159 1121 'continuo'
1190 1084 1339 1131 legitur.

47 1154 235 1196 luctuose:
272 1160 315 1197 L.
334 1161 376 1197 L.
411 1160 453 1207 V„
488 1161 535 1196 76
569 1157 746 1198 ‘luctuose
777 1156 936 1198 canere'.
969 1162 1049 1198 Liv.
1083 1163 1146 1208 28,
1181 1163 1243 1208 39,
1278 1164 1299 1198 6
1330 1154 1566 1201 'luctuosius’.

49 1235 274 1288 reciproca:
308 1239 352 1275 R.
386 1239 430 1275 R.
478 1238 543 1281 III,
598 1239 658 1282 17,
693 1240 714 1273 9
764 1233 818 1275 ‘ac
864 1238 1053 1275 maritima
1096 1237 1250 1276 flumina
1297 1241 1500 1278 immisisset
1530 1243 1566 1278 in

132 1305 307 1351 piscinas
359 1315 454 1351 quae
490 1306 682 1351 reciproce
731 1299 913 1350 fluerent',
965 1304 1095 1351 quibus
1139 1305 1175 1342 in
1215 1305 1339 1343 verbis
1369 1319 1437 1354 pro
1469 1309 1567 1356 vulg.

133 1365 369 1417 ‘reciprocae'
411 1365 755 1418 recte‘reci11n·oce'
806 1371 955 1418 scripsit
1001 1367 1151 1408 Ursino
1208 1376 1362 1410 auctore
1405 1368 1569 1411 Schnei-

131 1432 215 1485 der,
246 1439 308 1484 qui
338 1440 464 1474 monet
496 1448 569 1475 non
599 1438 762 1485 piscinas
792 1437 856 1474 sed
885 1437 1077 1474 maritima
1116 1436 1271 1475 flumina
1312 1438 1431 1477 fluere
1470 1442 1566 1478 reci-

131 1514 258 1549 proce.
292 1503 338 1540 cf.
371 1502 555 1540 Priscian.
596 1504 686 1540 22¹1.
730 1505 779 1539 25
802 1504 835 1540 K
868 1500 908 1540 ‘si
931 1502 1098 1541 ambulat
1114 1509 1306 1551 movetur;
1331 1507 1368 1542 in
1399 1506 1470 1544 hoc
1491 1518 1565 1544 non

140 1581 339 1618 possumus
369 1571 564 1616 reciproce
595 1571 731 1614 dicere,
763 1571 791 1607 si
821 1573 1004 1616 movetur,
1037 1565 1224 1608 ambulat'.

128 1649 186 1686 De
217 1647 395 1685 adverbio
425 1642 530 1685 ‘rare'
562 1648 641 1695 agit
672 1647 794 1684 Varro
825 1658 884 1693 ap.
919 1646 1010 1684 Gell.
1045 1649 1079 1692 2,
1112 1649 1176 1692 25,
1220 1650 1242 1685 8
1275 1648 1360 1687 ‘Sed
1389 1662 1411 1688 a
1455 1662 1565 1688 rarus

45 1725 120 1752 non
142 1715 279 1752 dicitur
303 1725 402 1761 rare,
434 1715 499 1752 sed
530 1715 592 1752 alii
624 1725 712 1751 raro
745 1713 875 1750 dicunt
906 1714 969 1750 alii
1002 1709 1199 1751 rarenter’.
1231 1714 1303 1752 Sed
1331 1703 1437 1753 'rare'
1460 1721 1565 1754 extat

48 1780 128 1818 Col.
161 1782 198 1826 2,
230 1783 264 1825 9,
300 1782 349 1826 63
380 1784 584 1828 praeterea
623 1780 769 1827 profert
810 1779 1006 1817 Charisius
1046 1781 1136 1826 217,
1171 1783 1193 1817 8
1225 1781 1258 1817 Κ
1289 1782 1407 1828 haec:
1451 1782 1564 1821 ‘Rare

49 1846 182 1884 Cicero
214 1857 284 1892 pro
315 1857 424 1893 raro;
472 1851 512 1883 ut
556 1847 653 1884 idem
699 1847 886 1884 Maximus
936 1849 1043 1883 notat
1093 1846 1275 1884 Catonem
1323 1859 1468 1896 quoque
1510 1852 1563 1887 ita

47 1913 222 1951 locutum.
281 1913 353 1950 Sed
398 1916 435 1950 et
473 1912 651 1950 Plautus:
699 1924 828 1949 verum
872 1923 957 1949 rare
999 1908 1155 1959 capitur'
1187 1914 1209 1949 i.
1243 1925 1272 1950 e.
1308 1913 1430 1951 Plaut.
1466 1915 1563 1953 Rud.

47 1980 112 2021 IV,
156 1982 191 2021 3,
239 1981 301 2015 56.
353 1980 456 2016 Haec
504 1982 631 2016 tamen
677 1980 789 2016 lectio
821 1979 1058 2024 discrepata
1086 1979 1194 2017 codd.
1232 1981 1416 2018 Plautinis
1446 1982 1477 2019 B
1515 1983 1561 2031 D,

48 2047 109 2092 qui
142 2045 320 2083 exhibent
349 2041 460 2083 'Vero
490 2057 577 2083 raro
618 2040 787 2091 capiturfl,
820 2045 918 2091 vulg.
951 2039 1051 2082 'vero
1099 2057 1185 2083 rare
1235 2042 1413 2093 capitur'3
1462 2053 1564 2086 recte

50 2117 176 2149 tamen
220 2114 451 2159 scripserunt
495 2107 610 2153 Reiz,
652 2106 789 2158 Bothe,
831 2106 1063 2147 Fleckeisen
1096 2106 1244 2149 'verum'
1286 2125 1353 2159 pro
1396 2115 1564 2152 codicum

51 2180 231 2215 memoria
265 2166 383 2221 ¹vero',
416 2189 511 2225 quae
535 2179 612 2215 sine
630 2177 742 2215 dubio
761 2177 1003 2214 librariorum
1022 2190 1151 2216 errore
1174 2183 1259 2216 orta
1282 2184 1351 2217 est.
1385 2181 1455 2218 Sed
1480 2193 1561 2218 cum

49 2244 238 2281 hocloco
281 2245 397 2282 codex
442 2244 648 2291 rescriptus
694 2243 970 2281 Ambrosianus
1015 2249 1185 2282 servatus
1231 2257 1304 2284 non
1351 2248 1409 2283 sit.
1456 2251 1563 2285 certo

52 2309 251 2348 diiudicari
282 2322 355 2347 non
386 2314 525 2356 potest,
571 2314 696 2347 utrum
744 2322 853 2353 νανο,
895 2310 993 2356 quod
1035 2311 1185 2348 codices
1225 2312 1255 2348 B
1283 2312 1328 2359 D,
1370 2324 1416 2349 an
1452 2325 1562 2358 rare,

49 2375 147 2422 quod
168 2376 360 2413 Charisius
393 2377 521 2421 tradit,
554 2377 688 2414 Plauto
719 2376 982 2413 vindicandum
1014 2378 1074 2413 sit.
1108 2378 1311 2415 Praeterea
1342 2379 1560 2417 adverbium

48 2435 156 2478 ‘raro'
197 2442 387 2478 invenitur
422 2453 481 2488 ap.
514 2442 636 2479 Plaut.
661 2442 752 2479 Cist.
786 2443 813 2484 I,
850 2445 880 2487 i,
915 2444 986 2487 2ος
1020 2443 1156 2480 Bacch.
1191 2446 1289 2490 6763
1329 2446 1445 2491 1080,
1477 2446 1556 2493 qui-

49 2506 117 2543 bus
157 2511 281 2544 tamen
328 2508 418 2545 locis
468 2509 556 2545 item
609 2509 689 2545 cod.
739 2508 771 2544 A
812 2519 885 2544 non
940 2513 1044 2546 extat
1087 2510 1144 2546 vel
1188 2511 1260 2556 legi
1307 2522 1378 2548 non
1423 2516 1557 2559 potest.

51 2572 254 2610 Terentius
284 2575 404 2615 utitur
433 2575 555 2612 forma
586 2564 691 2611 'raro'
724 2575 816 2612 Hcc.
849 2575 877 2617 Ι,
910 2577 947 2620 2,
983 2577 1078 2621 1003
1101 2577 1166 2622 IV,
1195 2580 1225 2622 l,
1250 2579 1322 2614 137
1335 2591 1342 2623 ;
1367 2571 1556 2616 ‘rarenter'

48 2639 241 2676 invenitur
270 2640 307 2676 in
339 2641 565 2678 comicorum
595 2639 817 2687 fragmentis
861 2641 918 2678 ed.
966 2641 1134 2679 Ribbeck
1166 2642 1275 2680 Caec.
1316 2643 1413 2689 135;
1462 2644 1555 2691 1833

50 2704 181 2752 Pomp.
212 2707 280 2751 45;
312 2705 407 2742 Nov.
439 2708 504 2743 24.
