1833 3048
780 35 1071 70 -11—

157 153 194 192 et
224 147 426 201 aratr0¹);
460 147 484 190 I
508 151 544 200 7,
566 151 588 187 4
613 149 673 191 sol
701 163 750 191 ac
781 149 888 192 luna
919 153 1105 203 coquunt
1126 148 1374 200 (secundum
1396 160 1555 190 morem
1589 148 1701 190 anti-

155 229 332 270 quorum
373 217 439 260 sol
480 220 526 260 et
568 216 670 259 luna
712 229 789 270 pro
831 216 923 260 deis
956 217 1097 271 accipi
1127 220 1339 272 possunt).
1402 218 1513 261 Mire
1555 221 1703 260 autem

156 287 391 330 coniuncta
413 289 482 330 est
504 286 738 341 singularis
760 286 1027 340 pluralisque
1049 290 1272 331 structura
1294 289 1374 331 hoc
1395 288 1488 331 loco
1506 288 1626 333 VIII
1650 292 1701 329 76

154 364 183 411 (.
206 392 211 399 .
236 393 241 399 .
267 363 315 402 ut
335 360 445 402 alias
471 359 610 402 desint
630 359 863 402 secundnm
884 363 922 402 et
942 360 1127 413 tertium,
1162 390 1171 399 .
1193 391 1200 399 .
1222 389 1230 397 .
1253 360 1363 403 alias
1383 364 1431 403 ut
1451 360 1534 403 cluo
1558 360 1705 415 prima

155 430 295 473 absint
436 429 548 472 alias
594 433 641 472 at
679 430 872 484 primam
919 434 956 472 et
1001 431 1173 473 tertium
1218 428 1355 483 desit.)
1427 429 1543 471 Nam
1589 428 1704 480 apud

157 498 354 552 quemvis
387 497 518 540 alium
551 501 772 540 auctorem
795 497 833 540 si
854 498 962 540 haec
983 498 1237 552 legeremus,
1272 501 1421 540 nostro
1451 498 1543 541 iure
1575 497 1704 540 offen-

158 569 357 611 deremus
389 567 434 610 in
465 567 676 610 eiusmodi
697 567 931 618 varietate,
966 581 1076 620 quae
1099 568 1311 613 Varronis
1334 568 1504 621 quidem
1530 567 1703 623 ingenio

155 638 314 692 optime
347 637 601 690 convenit2).

274 709 364 752 Eos
397 712 542 751 autem
566 708 697 762 locos,
731 707 885 761 quibus
906 708 1207 762 praedicatum
1229 709 1273 751 in
1295 708 1508 764 singulari
1529 721 1705 751 numero

156 779 348 834 ponitur,
381 791 464 821 non
488 791 635 822 omnes
658 790 882 828 enumero3
915 778 1061 832 paullo
1084 782 1231 822 autem
1254 779 1442 834 saepiUS‚
1475 779 1560 822 nisi
1582 791 1705 831 quem

155 851 294 893 locum
326 849 616 903 praetermisi,
650 848 876 892 antecedit
908 850 1085 892 verbum
1119 863 1340 893 commune
1361 862 1490 902 quam
1511 849 1709 902 sequitur

156 921 237 964 duo
283 920 482 963 subiecta
515 923 558 975 (5
580 936 589 960 ε
609 918 667 976 3),
701 919 766 963 ita
809 918 980 972 quidem
1012 923 1074 973 ut,
1119 920 1156 962 si
1197 920 1498 974 praedicatum
1530 921 1707 962 constat

162 994 243 1034 aut
275 1003 329 1034 ex
360 991 493 1034 verbo
527 989 808 1034 substantivo
842 992 886 1032 et
919 989 1137 1034 adiectivo
1170 992 1248 1033 aut
1280 990 1370 1033 solo
1404 1002 1457 1032 ex
1488 988 1707 1032 adiectivo

156 1064 274 1114 (nam
307 1061 359 1104 de
393 1061 555 1104 omissa
599 1061 753 1115 copula
798 1073 929 1114 supra
973 1060 1188 1113 diximus),
1233 1060 1498 1105 adiectivum
1530 1071 1625 1102 cum
1657 1071 1706 1101 eo

155 1131 329 1175 nomine
361 1134 577 1186 congruat
609 1131 720 1185 quod
751 1131 927 1185 propius
958 1131 1148 1184 positum
1187 1133 1255 1174 est
1294 1132 1335 1183 (I
1359 1135 1424 1185 5,1
1460 1132 1570 1187 quod
1607 1135 1708 1174 esset

159 1205 319 1249 initum
351 1208 388 1247 et
411 1202 558 1259 finis).

278 1273 394 1316 Item
427 1273 490 1316 eis
512 1272 619 1315 locis
643 1272 796 1325 quibus
819 1272 1101 1327 amplectitur
1132 1272 1373 1316 subiectum
1406 1272 1488 1314 duo
1519 1270 1591 1315 vel
1611 1270 1708 1324 plus

160 1346 241 1388 duo
289 1343 572 1387 substantiva
618 1356 702 1386 non
755 1343 897 1386 omnia
939 1343 1087 1387 eodem
1128 1343 1173 1385 in
1214 1354 1390 1385 numero
1431 1345 1510 1385 aut
1549 1353 1709 1396 genere

161 1414 320 1468 posita,
365 1413 611 1468 praedicati
651 1426 853 1457 numerus
894 1417 955 1468 (et
996 1414 1070 1456 ubi
1110 1413 1282 1468 generis
1315 1411 1546 1456 discrimen
1575 1411 1709 1454 inter-

160 1484 291 1538 cedit,
339 1485 474 1527 etiam
517 1485 671 1539 genus)
714 1497 808 1527 cum
851 1497 903 1527 ea
946 1484 1132 1528 subiecti
1177 1486 1305 1537 parte
1352 1482 1553 1538 congruit
1599 1493 1709 1534 quae

159 1555 322 1598 minore
356 1554 593 1598 intervallo
637 1556 691 1597 ab
733 1554 826 1608 ipso
869 1555 1123 1608 praedicato
1156 1554 1315 1605 distat,
1359 1553 1453 1597 sive
1485 1552 1710 1595 antecedit

158 1627 335 1670 verbum
377 1625 469 1669 sive
508 1629 607 1679 post
646 1625 846 1668 subiecta
884 1625 1071 1678 positum
1105 1627 1193 1678 est,
1236 1624 1359 1669 velut
1389 1624 1414 1666 I
1450 1627 1544 1675 13,4
1578 1625 1711 1668 latera

159 1704 196 1742 et
226 1713 438 1741 summum
469 1698 754 1751 vindicatum,
785 1697 828 1742 V
854 1700 933 1737 104
962 1698 1080 1741 Hinc
1110 1697 1342 1741 declinatae
1373 1697 1518 1751 frayes
1550 1700 1588 1738 et
1618 1696 1710 1750 fra-

158 1766 399 1820 mentumss).

279 1837 446 1882 Contra
494 1836 741 1891 praedicati
782 1849 919 1892 genus
967 1836 1134 1880 definiri
1182 1836 1357 1879 duorum
1405 1834 1709 1888 subiectorum,

287 2002 316 2046 1)
341 2000 591 2036 Praecedente
616 2000 828 2046 praedicato
847 2000 974 2036 Cicero
1000 2000 1068 2035 hac
1093 2000 1210 2035 forma
1234 2010 1305 2034 non
1330 2009 1418 2034 usus
1444 2002 1512 2043 est,
1538 1998 1604 2034 cfr.
1622 1998 1711 2033 Anz.

163 2071 196 2105 p.
223 2062 247 2095 4
273 2071 291 2095 0
319 2060 353 2105 1)
379 2077 434 2098 cx>
460 2070 493 2103 p.
515 2060 557 2094 11
583 2070 601 2094 c
620 2059 664 2104 1).
709 2059 934 2094 Varroniano
959 2059 1037 2094 loco
1055 2063 1262 2103 propterea,
1290 2057 1384 2102 quod
1404 2057 1503 2104 falce
1528 2061 1563 2092 et
1585 2061 1711 2092 aratro

169 2118 274 2163 quasi
306 2128 370 2163 pro
406 2117 653 2153 instrumentis
686 2118 830 2152 rusticis
864 2117 1000 2152 dictum
1036 2121 1111 2160 est,
1149 2116 1300 2161 pluralis
1330 2126 1501 2152 numerus
1535 2115 1713 2161 singulari

168 2177 314 2214 videtur
340 2188 362 2212 a
387 2175 563 2220 scriptore
589 2176 819 2221 praepositus
846 2186 935 2211 esse.

287 2235 315 2278 2)
341 2234 500 2270 Tantum
518 2245 589 2270 non
606 2235 713 2279 plane
731 2234 856 2270 eadem
874 2234 1017 2270 ratione
1031 2234 1123 2269 duae
1145 2237 1353 2269 structurae
1370 2233 1467 2269 inter
1488 2243 1526 2268 se
1546 2232 1713 2267 commix-

164 2300 226 2329 tae
247 2297 333 2329 sunt
350 2293 402 2328 IX
421 2295 466 2328 92
484 2293 528 2328 ab
547 2293 669 2339 aliqua
687 2294 878 2328 coniuncta
896 2294 930 2328 vi
945 2297 980 2328 et
999 2296 1175 2339 potestate
1200 2303 1293 2338 quae
1319 2299 1350 2327 et
1375 2292 1488 2327 oculis
1514 2294 1548 2327 et
1563 2291 1713 2327 auribus

163 2351 275 2387 latere
301 2351 442 2387 soleant
469 2351 598 2398 [soleat
620 2351 765 2397 Aldus].

289 2411 318 2455 ³)
345 2411 512 2446 Conferri
544 2413 698 2455 possunt
732 2410 766 2446 ei
797 2410 868 2446 loci
902 2410 1031 2454 quibus
1064 2410 1283 2446 adjectivum
1316 2410 1534 2445 attributum
1564 2409 1610 2445 ad
1644 2409 1712 2443 duo

165 2468 397 2505 substantiva
423 2469 588 2514 pertinet
611 2469 715 2505 velut
739 2469 846 2513 1111,
873 2470 894 2504 9
914 2480 989 2515 pro
1015 2472 1141 2503 nostra
1167 2469 1344 2503 vicinitate
1370 2472 1404 2503 et
1420 2479 1554 2510 amore,
1581 2467 1665 2511 115,
1694 2468 1712 2501 1

161 2538 279 2562 meum
305 2528 442 2562 corium
469 2531 502 2563 et
524 2528 646 2574 slaqra
674 2527 754 2574 [cfr.
782 2530 905 2562 tamen
930 2527 1089 2562 Keilium
1116 2526 1186 2570 qui,
1213 2530 1255 2561 ut
1279 2538 1414 2562 mecum
1441 2526 1642 2568 scribatur,
1677 2524 1713 2559 in

164 2585 426 2621 commentario
457 2586 658 2632 proponit]‚
694 2590 763 2621 sat.
789 2585 834 2622 fr.
860 2587 930 2621 417
964 2585 1064 2620 nulla
1096 2585 1278 2620 ambrosia
1312 2596 1355 2619 ac
1388 2588 1523 2627 nectar,
1557 2583 1602 2619 de
1634 2582 1714 2618 vita

161 2644 202 2680 P.
220 2644 262 2680 R.
283 2655 340 2689 ap.
359 2644 437 2679 Non
459 2646 570 2688 156‚25
591 2649 628 2680 et
644 2646 771 2688 494,12‚
790 2643 935 2680 inverso
955 2644 1080 2679 ordine
1098 2643 1182 2678 ibid.
1201 2654 1235 2688 p.
1254 2644 1370 2687 532‚10
1389 2643 1460 2678 viri
1475 2642 1713 2687 mulieresque

166 2702 352 2737 Romanae
379 2702 532 2749 [Romae
556 2703 644 2740 Luc.
671 2703 814 2747 Mffller,
841 2702 943 2738 cuius
969 2701 1183 2737 mutationis
1209 2711 1355 2736 causam
1379 2711 1450 2736 non
1476 2699 1608 2746 video}
1657 2699 1713 2735 De

163 2761 233 2796 hac
274 2761 457 2797 brevitate
498 2761 543 2796 ab
586 2761 874 2806 elegantioribus
926 2760 1164 2807 scriptoribus
1214 2760 1425 2805 plerumque
1469 2759 1607 2795 evitata
1648 2757 1710 2794 cfr.

162 2819 391 2856 Wolfflinum
417 2819 462 2855 ad
487 2819 578 2856 Bell.
605 2819 682 2855 Afr.
710 2822 742 2855 5.
