1787 3043
755 230 894 283 Cap.
926 231 1039 272 111.

694 335 1088 384 Accusativus.

273 446 300 497 ξ
333 442 368 485 5.
430 445 488 486 De
519 445 560 486 vi
593 446 633 486 et
666 457 743 486 usu
774 445 1004 487 accusativi
1036 446 1234 487 universe
1265 445 1517 501 disputatur.

282 546 524 588 Accusativi
571 548 807 600 linguarum
855 549 1298 600 indogermanicarum
1347 549 1482 601 qualis
1513 550 1640 601 signi-

146 615 285 655 1103110
333 614 457 655 fuerit
494 615 741 667 primigenia
779 616 967 657 nonduin
1015 621 1195 667 constat,
1230 629 1490 668 quamquam
1523 618 1640 658 multi

146 683 278 723 multa
318 683 398 723 hac
436 683 487 724 de
518 696 563 724 re
596 684 636 724 in
671 684 854 724 medium
886 684 1163 736 protulerunt.
1223 685 1417 737 Namque
1448 685 1515 725 alii
1547 698 1638 726 om-

145 750 269 791 nibus
316 751 485 791 casibus
533 752 615 791 vim
661 752 839 793 localem
888 751 1134 802 tribuentes,
1176 765 1271 792 cum
1305 753 1551 793 accusativo
1585 754 1639 793 ad

145 831 274 870 quam
306 831 395 859 rem
428 819 576 860 tendat
606 820 718 861 actio
750 820 918 872 proprie
951 821 1127 871 exprimi
1158 824 1319 872 putent,
1343 821 1484 861 varias
1501 825 1639 862 struc-

143 892 260 927 turas
307 899 329 928 e
376 888 498 928 locali
545 889 719 929 notione
769 888 948 940 profecti
999 888 1209 929 deducere
1255 893 1382 940 atque
1429 889 1638 941 explicare

144 956 286 996 conati
334 960 444 1005 sunt,
492 956 559 996 alii
590 957 769 997 localem
802 957 1152 1008 significationem
1186 969 1262 1009 pro
1294 958 1530 998 recentiore
1562 958 1638 999 ha-

144 1023 292 1064 bentes
337 1025 675 1075 grammatic-am,
720 1029 763 1064 ut
795 1025 853 1064 ita
886 1025 1036 1075 dicam,
1071 1025 1153 1064 vim
1187 1029 1227 1065 et
1259 1025 1475 1066 notionem
1509 1038 1637 1067 accu-

142 1092 228 1132 tivo
261 1092 579 1144 adsr‘ripserunt
639 1093 798 1133 Horum
832 1097 974 1133 autem
998 1093 1166 1146 plurimi
1184 1095 1490 1144 accusativum,
1510 1107 1635 1146 quem

142 1159 357 1201 verbalem
391 1162 656 1212 potissimum
691 1173 837 1201 casum
876 1173 970 1202 esse
1003 1166 1265 1213 nuncupant,‚
1297 1162 1507 1203 artissime
1539 1175 1634 1203 cum

142 1228 272 1269 verbo
320 1230 583 1270 contendunt
630 1230 839 1282 coniungi„
887 1235 932 1270 ut
977 1229 1094 1270 verbi
1135 1230 1351 1270 notionem
1386 1231 1637 1271 determinet

141 1298 205 1339 vel
236 1298 425 1342 illustret,
461 1312 558 1339 cum
591 1298 748 1347 dicunt,
780 1303 825 1338 ut
858 1297 1121 1338 Delbrueckii
1155 1297 1293 1338 verbis
1325 1302 1636 1349 0133300053-

141 1367 227 1407 tivo
260 1379 354 1407 eam
387 1379 477 1407 rem
509 1367 682 1408 indicari
715 1367 863 1415 solere,
898 1378 1007 1418 quae
1039 1371 1079 1407 et
1111 1367 1303 1418 proxima
1335 1371 1376 1407 et
1407 1372 1497 1407 tota
1519 1366 1636 1408 verbi

140 1436 298 1476 actioni
330 1434 557 1475 subiuncta
588 1436 656 1486 sit;
689 1440 880 1476 ceterum
912 1435 1218 1482 accusativum,
1253 1447 1350 1475 cum
1382 1435 1450 1475 illa
1480 1436 1532 1476 sit
1563 1448 1636 1476 na-

140 1508 246 1553 tura,
300 1504 603 1555 antiquissimis
653 1503 916 1556 temporibus
968 1503 1100 1544 multo
1152 1502 1321 1543 liberius
1371 1508 1634 1556 usurpatum.

140 1575 291 1623 postea
322 1584 401 1611 usu
434 1577 474 1612 et
506 1573 670 1612 ratione
702 1576 881 1623 cogente
915 1570 1141 1612 artioribus
1168 1570 1319 1611 finibus
1337 1572 1634 1624 circumscrip-

140 1645 229 1680 tum
277 1652 370 1680 esse
417 1653 495 1680 nos
542 1645 729 1681 monent.
789 1641 947 1681 Verum
993 1640 1059 1689 illi,
1094 1640 1170 1680 etsi
1202 1640 1255 1680 ad
1287 1641 1519 1681 accusativi
1550 1642 1632 1681 vim

140 1712 182 1748 et
226 1708 411 1749 indolem
445 1709 729 1760 indagandam
769 1708 1096 1749 examinandam
1130 1708 1507 1760 illustrandamque
1538 1721 1633 1762 per—

141 1777 272 1817 multa
313 1777 596 1827 contulerunt!
629 1777 966 1830 reprehendendi
999 1776 1092 1817 ideo
1125 1776 1332 1827 videntur,
1366 1777 1479 1828 quod
1513 1777 1634 1818 huius

139 1857 264 1885 casus
311 1846 528 1886 notionem
574 1850 660 1886 tam
707 1846 913 1886 incertam
960 1849 1135 1896 tamque
1182 1857 1332 1896 vagam
1377 1857 1401 1885 a
1439 1845 1633 1886 sensibus

139 1925 314 1964 prorsus
360 1919 569 1954 remotam
607 1913 810 1954 fecerunt.
871 1912 964 1963 Qua
995 1913 1045 1953 de
1078 1925 1209 1953 causa
1240 1925 1350 1965 quae
1380 1912 1434 1953 ab
1464 1913 1540 1953 illis
1572 1914 1633 1954 al-

139 1982 225 2022 lata
270 1987 367 2021 sunt
415 1983 492 2022 etsi
538 1983 794 2034 perscrutari
839 1994 889 2022 ea
935 1986 1064 2035 atque
1095 1981 1280 2022 refutare
1313 1981 1425 2031 11010,
1459 1994 1630 2022 accusa-

138 2051 223 2090 tivo
257 2051 450 2102 primitus
482 2051 607 2091 aliam
640 2051 992 2102 significationem
1025 2050 1166 2100 fuisse,
1191 2061 1299 2101 quae
1323 2049 1517 2090 sensibus
1541 2062 1631 2090 rem

138 2119 272 2170 magis
304 2124 574 2170 proponeret,
609 2119 709 2159 mihi
741 2119 932 2170 persuasi
952 2118 994 2171 1).
1042 2117 1106 2158 Ab
1139 2118 1219 2158 1130
1237 2117 1449 2158 sententia
1466 2130 1518 2158 ne
1535 2118 1631 2159 Del—

137 2186 382 2227 brueckium
432 2187 600 2239 quidem
639 2199 813 2239 prorsus
845 2186 1075 2227 abhorrere
1107 2187 1203 2227 inde
1236 2186 1490 2227 concludere
1522 2187 1629 2235 licet,

138 2255 250 2307 quod
283 2256 515 2296 accusativi
560 2268 718 2307 genera
764 2255 817 2296 ab
863 2256 985 2296 locali
1031 2269 1110 2296 usu
1157 2268 1280 2296 orsus
1314 2260 1366 2303 {et
1397 2256 1438 2295 in
1476 2255 1558 2296 AS
1591 2260 1629 2296 et

136 2323 178 2363 in
224 2322 359 2376 Synt.)
392 2324 603 2371 tractavit,
650 2323 743 2364 licet
789 2328 918 2364 antea
948 2324 1273 2375 grammaticam
1306 2324 1523 2364 notionem
1557 2323 1630 2364 de-

137 2391 312 2432 fenderit
339 2397 383 2442 21.
444 2391 583 2444 Atque
622 2391 774 2432 eodem
812 2391 897 2432 sere
930 2391 1076 2432 ordine
1109 2403 1192 2443 quo
1225 2392 1289 2431 ille
1322 2392 1460 2431 varias
1492 2396 1629 2431 struc-

136 2464 253 2499 turas
286 2460 519 2500 accusativi
552 2459 817 2501 examinabo.

274 2585 297 2628 1)
334 2584 537 2617 Accusativi
575 2594 676 2617 usum
710 2593 727 2615 e
762 2583 864 2616 locali
904 2584 1047 2616 notione
1083 2583 1281 2616 derivatum
1314 2583 1478 2616 defendit
1503 2584 1625 2617 Brea-

140 2641 221 2674 lius
248 2641 267 2673 l.
296 2640 327 2683 l.,
356 2641 516 2683 inprimis
542 2644 565 2673 t.
593 2651 623 2674 a.
655 2640 738 2673 1895
767 2651 824 2683 pp.
851 2641 1041 2673 ‘gn—285.

271 2698 298 2740 2)
326 2697 487 2731 Ceterum
515 2698 723 2731 conferatur
748 2698 1047 2740 Brugmannus
1075 2697 1132 2730 Gr.
1161 2696 1219 2730 Gr.
1247 2708 1267 2739 p
1304 2697 1379 2729 200.
