1833 3048
775 71 1072 108 ..40-

147 183 297 225 obstat
324 182 484 225 omissa
507 185 612 225 ante
634 195 866 236 pronomen
888 184 1123 227 relativum
1146 185 1424 238 praepositio,
1449 185 1524 228 cfr.
1548 187 1695 230 Madv.

145 254 201 296 ad
234 253 321 297 Cic.
357 254 410 296 de
441 254 536 296 Fin.
571 254 596 296 I
629 253 739 308 491).

260 324 425 366 Prioris
468 324 752 366 attractionis
796 337 933 379 genus
968 351 1019 354 ss—
1055 325 1110 367 ad
1153 325 1233 368 hoo
1275 326 1387 368 enim
1429 326 1516 368 iam
1555 330 1697 368 trans-

149 394 333 437 eundum
371 419 441 447 —,
486 395 597 447 quod
641 395 756 448 apud
793 395 959 448 priscos
992 400 1147 448 poetas
1184 409 1268 438 non
1300 410 1399 439 raro
1439 397 1628 439 occurrit
1648 395 1698 452 2),

143 476 196 506 ex
237 464 456 517 pedestris
489 465 698 508 sermonis
732 466 1017 519 scriptoribus
1050 479 1134 508 non
1167 467 1274 509 adeo
1307 467 1456 510 multis
1488 467 1697 520 exemplis

142 534 359 577 illustrari
405 539 574 589 potest,
624 549 881 588 quamquam
929 537 1132 590 Kiihner,
1181 537 1254 590 qui
1300 551 1340 590 p.
1388 541 1542 590 &4210
1585 538 1699 580 hanc

141 608 409 647 structuram
454 606 500 648 in
531 619 729 649 sermone
760 607 956 660 pedestri
987 620 1168 660 usquam
1200 607 1386 650 inveniri
1417 611 1574 662 negat,
1614 608 1697 651 sibi

138 674 233 728 ipse
261 676 508 728 obloquitur
526 677 630 719 duos
648 677 766 720 locos
786 677 1055 720 Catonianos
1073 677 1296 730 proferens
1311 677 1343 732 3)
1361 692 1400 731 p.
1424 683 1506 719 848
1519 679 1561 729 b)
1579 682 1624 720 et
1643 680 1695 731 e).

266 746 479 791 Varronis
502 751 649 790 autem
671 747 808 800 ipsius
831 761 997 801 quoque
1019 761 1158 801 pauca
1181 748 1481 791 tantummodo
1501 748 1697 802 exempla

259 922 285 966 ¹)
312 922 440 956 Utram
474 922 636 965 sequeris
670 922 1028 967 interpretationem,
1064 923 1190 958 eadem
1222 922 1331 958 Gellii
1365 922 1486 958 verbis
1519 923 1551 968 (Ι
1576 923 1696 968 25,16)

135 980 260 1015 afferri
287 980 434 1015 debebit
460 981 506 1015 ad
530 981 706 1016 Varronis
732 981 850 1016 locum
876 982 1037 1025 proxime
1064 981 1330 1023 accedentibus,
1359 993 1449 1025 quae
1477 994 1498 1016 a
1523 982 1693 1017 Kiihnero

134 1050 167 1083 p.
197 1041 265 1074 847
291 1039 505 1074 laudantur:
531 1038 676 1075 Idcirco
703 1051 753 1075 ex
778 1040 833 1075 his
859 1040 988 1086 quibus
1015 1040 1096 1075 dixe·
1123 1040 1264 1075 vocibus
1290 1041 1398 1086 qnasi
1417 1052 1488 1086 per
1513 1041 1693 1086 quendam

135 1099 263 1133 coitum
290 1102 323 1132 et
348 1098 514 1143 copulam
540 1110 669 1133 nomen
695 1098 918 1133 indutiarum
945 1110 1123 1134 concurrum
1160 1104 1223 1134 est.
1251 1119 1293 1124 —-
1320 1099 1476 1143 Propter
1509 1100 1694 1144 praeposi·

133 1157 269 1191 tionem
303 1161 389 1192 ante
424 1167 620 1200 pronomen
653 1157 850 1192 relativum
882 1169 954 1192 non
980 1158 1177 1202 repetitam
1204 1158 1267 1193 cfr.
1296 1158 1388 1193 Keil.
1418 1158 1462 1193 ad
1488 1158 1507 1191 Ι
1531 1159 1613 1201 4Ο,6
1641 1169 1690 1192 esc

134 1215 266 1250 arbore
293 1227 365 1261 qua
392 1216 465 1250 vult
488 1215 620 1250 habere
646 1216 840 1250 sarculum.

254 1274 281 1320 2)
309 1274 495 1319 Originem
522 1280 730 1310 structurae
757 1275 948 1310 ostendere
975 1275 1006 1309 si
1032 1285 1121 1319 opus
1148 1280 1214 1310 est.
1241 1278 1395 1319 apparet
1421 1286 1465 1310 ex
1482 1275 1594 1320 prisci
1611 1276 1693 1311 vul-

132 1333 304 1378 garisque
341 1333 517 1368 sermonis
553 1333 790 1377 simplicitate
824 1344 902 1369 eam
937 1334 1136 1369 ducendam
1177 1345 1266 1369 esse.
1319 1333 1407 1368 Cum
1440 1334 1535 1369 enim
1574 1345 1691 1369 sermo

130 1396 344 1427 versaretur
369 1392 405 1426 in
432 1391 703 1426 enuntiatorum
730 1391 856 1427 formis
890 1403 995 1436 quam
1029 1396 1176 1437 poterat
1208 1392 1504 1437 simplicissimis,
1538 1404 1605 1427 nec
1631 1393 1692 1427 ad-

135 1450 317 1485 suevisset
343 1450 552 1485 artificiosis
578 1451 770 1486 verborum
798 1451 1093 1486 conversionibus
1120 1451 1193 1486 uti:
1221 1451 1282 1485 ubi
1301 1451 1420 1494 paullo
1438 1451 1575 1486 maiore
1603 1461 1692 1495 opus

132 1512 213 1543 erat
238 1509 376 1544 ambitu
394 1510 597 1553 verborum,
625 1509 796 1544 continuo
825 1520 960 1553 eorum,
988 1510 1049 1553 qui
1075 1510 1391 1553 colloquebantur,
1421 1510 1552 1544 mentis
1581 1510 1691 1553 acies,

130 1571 172 1602 ut
204 1567 257 1602 ita
291 1568 427 1611 dicam,
460 1578 531 1603 non
564 1568 769 1603 sufficiebat
804 1568 850 1602 ad
876 1569 974 1604 clare
1002 1568 1262 1612 dispiciendam
1287 1568 1549 1612 propositionis
1576 1576 1692 1604 struc-

129 1630 249 1661 turam
285 1637 353 1662 nec
385 1627 485 1662 ultra
518 1628 682 1672 proxima
714 1638 876 1671 quaeque
907 1627 1114 1671 prospicere
1149 1628 1238 1662 satis
1263 1628 1420 1662 valebat.
1472 1628 1549 1662 lam
1575 1631 1692 1662 struc-

131 1688 249 1725 turae,
275 1685 318 1720 de
347 1696 417 1729 qua
443 1685 536 1729 dico,
563 1692 604 1721 ut
630 1687 732 1721 brevi
759 1687 921 1730 exemplo
947 1693 1048 1729 utar,
1084 1686 1179 1731 apud
1209 1687 1376 1721 Plautum
1403 1706 1449 1711 —
1473 1686 1567 1721 hunc
1594 1686 1689 1721 enim

130 1744 325 1779 maximum
353 1745 598 1789 exemplorum
625 1756 815 1781 numerum
843 1745 1012 1781 exhibere
1039 1756 1082 1780 ex
1110 1745 1162 1780 eis
1190 1756 1281 1789 quae
1308 1745 1411 1780 modo
1439 1744 1513 1780 dixi
1533 1744 1691 1780 elucebit

136 1823 178 1829 —
206 1804 336 1848 Amph.
367 1805 471 1839 1009:

248 1862 471 1897 Naucratem
498 1874 599 1907 quem
628 1864 818 1898 convenire
845 1862 950 1905 volui,
977 1864 1013 1898 z‘n
1040 1863 1125 1897 nari
1149 1874 1220 1897 non
1247 1866 1327 1897 erat

134 1920 331 1956 Naucratis
357 1932 487 1957 nomen
521 1933 599 1957 cum
634 1922 863 1966 pronuntiat,
896 1922 950 1956 ita
985 1922 1202 1957 obversatur
1233 1921 1352 1955 animo
1387 1921 1464 1956 eius
1503 1922 1564 1965 qui
1589 1921 1688 1964 dicit,

130 1982 173 2014 ut
212 1980 328 2014 solum
366 1991 445 2015 cum
482 1981 637 2025 proximi
678 1981 780 2016 verbi
821 1981 1088 2025 (conveniendi)
1126 1979 1272 2014 notione
1318 1979 1503 2024 iungatur,
1546 1980 1688 2014 omnino

130 2048 200 2072 non
226 2038 411 2074 referatur
436 2040 482 2074 ad
508 2040 739 2075 enuntiatum
766 2039 978 2084 primarium
1003 2039 1140 2074 maiore
1157 2038 1353 2073 intervallo
1374 2039 1524 2073 distans.
1567 2038 1686 2080 Quare

129 2107 209 2131 cum
238 2098 487 2141 „Naucrates“
517 2119 558 2124 -
589 2099 621 2133 si
646 2099 838 2133 verborum
864 2109 933 2133 non
960 2099 1113 2133 formam
1142 2098 1203 2132 sed
1232 2096 1450 2132 sententiam
1477 2097 1621 2140 quaeris
1641 2117 1684 2123 —

126 2155 306 2190 obiectum
335 2160 383 2191 sit
407 2156 511 2191 verbi
539 2157 788 2200 conveniendi,
814 2157 920 2192 huius
946 2157 1101 2191 nominis
1128 2167 1252 2191 casum
1271 2155 1520 2191 accusativum
1540 2155 1687 2200 scripsit

132 2218 242 2259 poeta
269 2226 337 2250 non
366 2226 497 2251 curans
525 2227 567 2251 ea
593 2217 704 2251 verba
731 2226 823 2259 quae
849 2221 932 2260 post
959 2222 1167 2259 sequuntur.

244 2273 346 2315 Quod
375 2279 496 2309 autem
524 2275 560 2309 in
587 2286 720 2320 graeca
746 2275 873 2319 lingua
900 2275 1024 2310 eadem
1052 2277 1240 2308 structura
1257 2273 1397 2307 usitata
1418 2276 1484 2315 est,
1513 2283 1555 2307 ac
1572 2272 1687 2306 multo

126 2332 267 2375 quidem
301 2333 478 2368 usitatior
510 2344 617 2377 quam
652 2334 688 2368 111
714 2333 850 2377 latina,
884 2333 1007 2368 Plauti
1041 2333 1203 2377 exempla
1239 2339 1337 2367 certe
1363 2332 1486 2374 aliqua
1512 2341 1556 2366 ex
1580 2334 1687 2375 parte

123 2390 206 2426 inde
234 2391 411 2435 originem
439 2393 572 2428 ducere
603 2392 774 2427 contendi
799 2393 933 2436 possit;
959 2402 1025 2427 nec
1050 2398 1173 2426 tamen
1199 2391 1290 2425 hanc
1316 2393 1537 2425 sententiam
1563 2399 1686 2424 neces·

124 2449 256 2484 sariam
283 2460 363 2485 esse
388 2450 472 2486 inde
501 2455 663 2495 apparet,
691 2452 786 2495 quod
820 2451 946 2486 eadem
981 2450 1122 2485 dicendi
1155 2449 1249 2483 ratio
1277 2449 1389 2484 etiam
1421 2449 1517 2492 apud
1552 2459 1615 2483 nos
1649 2448 1685 2482 in

122 2509 246 2553 populi
273 2509 480 2544 elocutione
507 2521 578 2544 non
604 2521 686 2544 raro
713 2510 911 2545 invenitur.
962 2510 1073 2543 Immo
1105 2508 1142 2542 in
1177 2518 1393 2551 unaquaque
1419 2507 1546 2552 lingua
1574 2517 1685 2542 causa

125 2571 333 2602 structurae
360 2572 418 2602 est
444 2568 569 2603 eadem
595 2569 834 2613 neglegentia
861 2567 1037 2603 sermonis
1064 2567 1250 2601 cotidiani.

243 2627 269 2670 ³³)
296 2637 379 2671 pag.
407 2627 476 2661 848
503 2627 537 2671 a)
573 2627 684 2661 etiam
710 2627 874 2661 Petronii
905 2627 1023 2661 locum
1050 2630 1091 2660 ut
1116 2626 1185 2659 huc
1211 2625 1456 2669 pertinentem
1486 2624 1683 2669 exscripsit

122 2683 165 2718 de
193 2694 260 2726 quo
288 2695 374 2719 sane
403 2685 563 2720 dubitari
588 2690 720 2729 potest.
743 2685 963 2720 Biichelerus
990 2690 1089 2719 certe
1115 2684 1207 2728 (cap.
1237 2685 1304 2718 134
1329 2700 1373 2713 =
1398 2695 1482 2728 pag.
1505 2684 1596 2727 101‚7
1625 2683 1681 2728 Β.)

123 2743 174 2777 sic
199 2743 445 2786 interpunxit:
478 2743 517 2786 0,
544 2745 667 2789 inquit,
700 2743 891 2785 Oenothea,
918 2743 1012 2777 lmnc
1032 2742 1294 2777 calalescentem
1313 2753 1416 2787 quem
1442 2742 1562 2776 rides:
1586 2741 1680 2776 malo

122 2804 222 2835 astro
249 2805 357 2835 uatus
383 2806 444 2837 est.
495 2802 646 2837 Rectius
673 2806 813 2845 tamen,
848 2806 890 2837 ut
920 2802 1082 2845 videtur,
1114 2801 1232 2836 Kiihn.
1266 2811 1372 2844 quam
1397 2801 1507 2836 Biich.
1535 2801 1608 2836 Cfr.
1636 2800 1680 2835 de

120 2859 154 2894 h.
182 2859 204 2894 1.
234 2858 346 2894 etiam
373 2860 560 2904 Segebade
585 2859 622 2894 in
650 2860 743 2895 Diss.
769 2860 851 2895 Hal.
878 2859 932 2894 1V
957 2860 1025 2894 308
1050 2871 1083 2895 11.
1114 2861 1167 2894 12.
