<?xml version="1.0" encoding="UTF-8"?>
<!DOCTYPE html PUBLIC "-//W3C//DTD XHTML 1.0 Transitional//EN"
    "http://www.w3.org/TR/xhtml1/DTD/xhtml1-transitional.dtd">
<html xmlns="http://www.w3.org/1999/xhtml" xml:lang="en" lang="en">
 <head>
  <title>
</title>
<meta http-equiv="Content-Type" content="text/html;charset=utf-8" />
  <meta name='ocr-system' content='tesseract 3.04.00' />
  <meta name='ocr-capabilities' content='ocr_page ocr_carea ocr_par ocr_line ocrx_word'/>
</head>
<body>
  <div class='ocr_page' id='page_1' title='image "./syntaxislucretia00holtuoft_0229.png"; bbox 0 0 1787 3043; ppageno 0'>
   <div class='ocr_carea' id='block_1_1' title="bbox 260 591 1548 768">
    <p class='ocr_par' dir='ltr' id='par_1_1' title="bbox 260 591 1548 768">
     <span class='ocr_line' id='line_1_1' title="bbox 687 591 1126 639; baseline 0 -1"><span class='ocrx_word' id='word_1_1' title='bbox 687 591 1126 639; x_wconf 84' lang='lat' dir='ltr'>Praemonenda.</span> 
     </span>
     <span class='ocr_line' id='line_1_2' title="bbox 260 712 1548 768; baseline -0.002 -13"><span class='ocrx_word' id='word_1_2' title='bbox 260 715 316 755; x_wconf 78' lang='lat' dir='ltr'>De</span> <span class='ocrx_word' id='word_1_3' title='bbox 347 714 387 755; x_wconf 82' lang='lat' dir='ltr'>vi</span> <span class='ocrx_word' id='word_1_4' title='bbox 419 714 459 756; x_wconf 80' lang='lat' dir='ltr'>et</span> <span class='ocrx_word' id='word_1_5' title='bbox 492 726 569 755; x_wconf 88' lang='lat' dir='ltr'>usu</span> <span class='ocrx_word' id='word_1_6' title='bbox 601 725 772 755; x_wconf 81' lang='lat' dir='ltr'>casuum</span> <span class='ocrx_word' id='word_1_7' title='bbox 803 713 1032 755; x_wconf 81' lang='lat' dir='ltr'>latinorum</span> <span class='ocrx_word' id='word_1_8' title='bbox 1064 713 1261 754; x_wconf 76' lang='lat' dir='ltr'>universe</span> <span class='ocrx_word' id='word_1_9' title='bbox 1293 712 1548 768; x_wconf 80' lang='lat' dir='ltr'>disputatur.</span> 
     </span>
    </p>
   </div>
   <div class='ocr_carea' id='block_1_2' title="bbox 162 824 1673 2721">
    <p class='ocr_par' dir='ltr' id='par_1_2' title="bbox 162 824 1663 1903">
     <span class='ocr_line' id='line_1_3' title="bbox 298 824 1657 879; baseline -0.001 -11"><span class='ocrx_word' id='word_1_10' title='bbox 298 829 342 868; x_wconf 88' lang='lat' dir='ltr'>In</span> <span class='ocrx_word' id='word_1_11' title='bbox 388 828 537 879; x_wconf 89' lang='lat' dir='ltr'>linguis</span> <span class='ocrx_word' id='word_1_12' title='bbox 583 824 941 879; x_wconf 48' lang='lat' dir='ltr'>indogerman‘icis</span> <span class='ocrx_word' id='word_1_13' title='bbox 974 831 1072 867; x_wconf 90' lang='lat' dir='ltr'>octo</span> <span class='ocrx_word' id='word_1_14' title='bbox 1105 839 1251 867; x_wconf 88' lang='lat' dir='ltr'>casus:</span> <span class='ocrx_word' id='word_1_15' title='bbox 1283 827 1657 867; x_wconf 77' lang='lat' dir='ltr'>nominativum</span> 
     </span>
     <span class='ocr_line' id='line_1_4' title="bbox 162 894 1658 946; baseline -0.001 -10"><span class='ocrx_word' id='word_1_16' title='bbox 162 896 450 937; x_wconf 81' lang='lat' dir='ltr'>vocativum</span> <span class='ocrx_word' id='word_1_17' title='bbox 485 895 843 936; x_wconf 72' lang='lat' dir='ltr'>accusativum</span> <span class='ocrx_word' id='word_1_18' title='bbox 876 895 1169 946; x_wconf 87' lang='lat' dir='ltr'>genetivum</span> <span class='ocrx_word' id='word_1_19' title='bbox 1204 894 1427 934; x_wconf 84' lang='lat' dir='ltr'>dativum</span> <span class='ocrx_word' id='word_1_20' title='bbox 1472 894 1658 934; x_wconf 87' lang='lat' dir='ltr'>instru-</span> 
     </span>
     <span class='ocr_line' id='line_1_5' title="bbox 165 961 1658 1014; baseline -0.002 -9"><span class='ocrx_word' id='word_1_21' title='bbox 165 965 431 1005; x_wconf 80' lang='lat' dir='ltr'>mentalem</span> <span class='ocrx_word' id='word_1_22' title='bbox 481 964 696 1004; x_wconf 77' lang='lat' dir='ltr'>localem</span> <span class='ocrx_word' id='word_1_23' title='bbox 744 963 1028 1003; x_wconf 82' lang='lat' dir='ltr'>ablativum</span> <span class='ocrx_word' id='word_1_24' title='bbox 1062 962 1366 1014; x_wconf 71' lang='lat' dir='ltr'>antiquissimis</span> <span class='ocrx_word' id='word_1_25' title='bbox 1396 961 1658 1014; x_wconf 78' lang='lat' dir='ltr'>temporibus</span> 
     </span>
     <span class='ocr_line' id='line_1_6' title="bbox 165 1030 1658 1084; baseline -0.002 -11"><span class='ocrx_word' id='word_1_26' title='bbox 165 1037 391 1084; x_wconf 84' lang='lat' dir='ltr'>usurpatos</span> <span class='ocrx_word' id='word_1_27' title='bbox 431 1044 524 1072; x_wconf 78' lang='lat' dir='ltr'>esse</span> <span class='ocrx_word' id='word_1_28' title='bbox 556 1032 639 1072; x_wconf 85' lang='lat' dir='ltr'>iam</span> <span class='ocrx_word' id='word_1_29' title='bbox 674 1032 873 1071; x_wconf 82' lang='lat' dir='ltr'>convenit</span> <span class='ocrx_word' id='word_1_30' title='bbox 904 1031 1013 1071; x_wconf 90' lang='lat' dir='ltr'>inter</span> <span class='ocrx_word' id='word_1_31' title='bbox 1044 1043 1207 1081; x_wconf 70' lang='lat' dir='ltr'>omneS,</span> <span class='ocrx_word' id='word_1_32' title='bbox 1243 1031 1313 1082; x_wconf 90' lang='lat' dir='ltr'>qui</span> <span class='ocrx_word' id='word_1_33' title='bbox 1345 1042 1523 1071; x_wconf 89' lang='lat' dir='ltr'>casuum</span> <span class='ocrx_word' id='word_1_34' title='bbox 1556 1030 1658 1071; x_wconf 91' lang='lat' dir='ltr'>doc-</span> 
     </span>
     <span class='ocr_line' id='line_1_7' title="bbox 163 1098 1658 1152; baseline -0.001 -12"><span class='ocrx_word' id='word_1_35' title='bbox 163 1102 299 1141; x_wconf 84' lang='lat' dir='ltr'>trinae</span> <span class='ocrx_word' id='word_1_36' title='bbox 344 1099 695 1152; x_wconf 77' lang='lat' dir='ltr'>pervestigandae</span> <span class='ocrx_word' id='word_1_37' title='bbox 738 1111 913 1151; x_wconf 85' lang='lat' dir='ltr'>operam</span> <span class='ocrx_word' id='word_1_38' title='bbox 946 1103 1168 1139; x_wconf 91' lang='lat' dir='ltr'>navarunt.</span> <span class='ocrx_word' id='word_1_39' title='bbox 1228 1098 1422 1150; x_wconf 82' lang='lat' dir='ltr'>Namque</span> <span class='ocrx_word' id='word_1_40' title='bbox 1456 1103 1553 1139; x_wconf 93' lang='lat' dir='ltr'>octo</span> <span class='ocrx_word' id='word_1_41' title='bbox 1586 1111 1658 1139; x_wconf 93' lang='lat' dir='ltr'>ca-</span> 
     </span>
     <span class='ocr_line' id='line_1_8' title="bbox 166 1166 1657 1218; baseline -0.001 -10"><span class='ocrx_word' id='word_1_42' title='bbox 166 1182 238 1209; x_wconf 87' lang='lat' dir='ltr'>sus</span> <span class='ocrx_word' id='word_1_43' title='bbox 268 1173 313 1208; x_wconf 84' lang='lat' dir='ltr'>ut</span> <span class='ocrx_word' id='word_1_44' title='bbox 359 1168 550 1208; x_wconf 89' lang='lat' dir='ltr'>omittam</span> <span class='ocrx_word' id='word_1_45' title='bbox 598 1168 639 1207; x_wconf 91' lang='lat' dir='ltr'>in</span> <span class='ocrx_word' id='word_1_46' title='bbox 684 1167 827 1218; x_wconf 87' lang='lat' dir='ltr'>lingua</span> <span class='ocrx_word' id='word_1_47' title='bbox 872 1167 1012 1207; x_wconf 85' lang='lat' dir='ltr'>indica</span> <span class='ocrx_word' id='word_1_48' title='bbox 1059 1171 1101 1207; x_wconf 88' lang='lat' dir='ltr'>et</span> <span class='ocrx_word' id='word_1_49' title='bbox 1146 1167 1187 1206; x_wconf 91' lang='lat' dir='ltr'>in</span> <span class='ocrx_word' id='word_1_50' title='bbox 1223 1167 1414 1207; x_wconf 89' lang='lat' dir='ltr'>avestica</span> <span class='ocrx_word' id='word_1_51' title='bbox 1444 1166 1585 1217; x_wconf 77' lang='lat' dir='ltr'>fuisse,</span> <span class='ocrx_word' id='word_1_52' title='bbox 1618 1167 1657 1207; x_wconf 86' lang='lat' dir='ltr'>in</span> 
     </span>
     <span class='ocr_line' id='line_1_9' title="bbox 166 1235 1661 1289; baseline -0.003 -10"><span class='ocrx_word' id='word_1_53' title='bbox 166 1239 225 1279; x_wconf 86' lang='lat' dir='ltr'>eis</span> <span class='ocrx_word' id='word_1_54' title='bbox 271 1248 440 1289; x_wconf 90' lang='lat' dir='ltr'>quoque</span> <span class='ocrx_word' id='word_1_55' title='bbox 472 1235 635 1287; x_wconf 55' lang='lat' dir='ltr'>linguis</span> <span class='ocrx_word' id='word_1_56' title='bbox 670 1235 822 1288; x_wconf 85' lang='lat' dir='ltr'>quibus</span> <span class='ocrx_word' id='word_1_57' title='bbox 853 1236 992 1276; x_wconf 88' lang='lat' dir='ltr'>minor</span> <span class='ocrx_word' id='word_1_58' title='bbox 1023 1247 1201 1276; x_wconf 85' lang='lat' dir='ltr'>casuum</span> <span class='ocrx_word' id='word_1_59' title='bbox 1233 1247 1435 1275; x_wconf 87' lang='lat' dir='ltr'>numerus</span> <span class='ocrx_word' id='word_1_60' title='bbox 1467 1236 1661 1287; x_wconf 87' lang='lat' dir='ltr'>proprius</span> 
     </span>
     <span class='ocr_line' id='line_1_10' title="bbox 167 1304 1661 1357; baseline -0.001 -11"><span class='ocrx_word' id='word_1_61' title='bbox 167 1311 243 1356; x_wconf 88' lang='lat' dir='ltr'>est,</span> <span class='ocrx_word' id='word_1_62' title='bbox 276 1306 468 1357; x_wconf 86' lang='lat' dir='ltr'>primitus</span> <span class='ocrx_word' id='word_1_63' title='bbox 499 1305 640 1357; x_wconf 88' lang='lat' dir='ltr'>plures</span> <span class='ocrx_word' id='word_1_64' title='bbox 672 1304 883 1345; x_wconf 85' lang='lat' dir='ltr'>adhibitos</span> <span class='ocrx_word' id='word_1_65' title='bbox 916 1308 1016 1345; x_wconf 89' lang='lat' dir='ltr'>esse</span> <span class='ocrx_word' id='word_1_66' title='bbox 1036 1304 1113 1344; x_wconf 90' lang='lat' dir='ltr'>viri</span> <span class='ocrx_word' id='word_1_67' title='bbox 1139 1304 1516 1344; x_wconf 87' lang='lat' dir='ltr'>docticertissimis</span> <span class='ocrx_word' id='word_1_68' title='bbox 1533 1317 1661 1356; x_wconf 87' lang='lat' dir='ltr'>argu-</span> 
     </span>
     <span class='ocr_line' id='line_1_11' title="bbox 169 1372 1660 1424; baseline -0.001 -10"><span class='ocrx_word' id='word_1_69' title='bbox 169 1375 320 1415; x_wconf 78' lang='lat' dir='ltr'>mentis</span> <span class='ocrx_word' id='word_1_70' title='bbox 366 1373 654 1414; x_wconf 87' lang='lat' dir='ltr'>ostenderunt.</span> <span class='ocrx_word' id='word_1_71' title='bbox 715 1373 759 1413; x_wconf 89' lang='lat' dir='ltr'>In</span> <span class='ocrx_word' id='word_1_72' title='bbox 802 1373 866 1413; x_wconf 86' lang='lat' dir='ltr'>his</span> <span class='ocrx_word' id='word_1_73' title='bbox 899 1373 1011 1413; x_wconf 79' lang='lat' dir='ltr'>enim</span> <span class='ocrx_word' id='word_1_74' title='bbox 1043 1373 1193 1424; x_wconf 87' lang='lat' dir='ltr'>linguis</span> <span class='ocrx_word' id='word_1_75' title='bbox 1224 1377 1398 1424; x_wconf 89' lang='lat' dir='ltr'>propter</span> <span class='ocrx_word' id='word_1_76' title='bbox 1427 1372 1660 1413; x_wconf 84' lang='lat' dir='ltr'>formarum</span> 
     </span>
     <span class='ocr_line' id='line_1_12' title="bbox 167 1440 1662 1493; baseline 0 -12"><span class='ocrx_word' id='word_1_77' title='bbox 167 1442 478 1482; x_wconf 80' lang='lat' dir='ltr'>similitudinem</span> <span class='ocrx_word' id='word_1_78' title='bbox 512 1447 553 1482; x_wconf 92' lang='lat' dir='ltr'>et</span> <span class='ocrx_word' id='word_1_79' title='bbox 584 1440 941 1492; x_wconf 86' lang='lat' dir='ltr'>significationum</span> <span class='ocrx_word' id='word_1_80' title='bbox 974 1441 1335 1493; x_wconf 80' lang='lat' dir='ltr'>propinquitatem</span> <span class='ocrx_word' id='word_1_81' title='bbox 1358 1453 1454 1481; x_wconf 90' lang='lat' dir='ltr'>cum</span> <span class='ocrx_word' id='word_1_82' title='bbox 1472 1441 1662 1481; x_wconf 92' lang='lat' dir='ltr'>nonnulli</span> 
     </span>
     <span class='ocr_line' id='line_1_13' title="bbox 167 1509 1662 1561; baseline 0 -12"><span class='ocrx_word' id='word_1_83' title='bbox 167 1521 293 1549; x_wconf 86' lang='lat' dir='ltr'>casus</span> <span class='ocrx_word' id='word_1_84' title='bbox 339 1509 624 1560; x_wconf 79' lang='lat' dir='ltr'>evanuissent,</span> <span class='ocrx_word' id='word_1_85' title='bbox 674 1509 833 1550; x_wconf 87' lang='lat' dir='ltr'>sactum</span> <span class='ocrx_word' id='word_1_86' title='bbox 882 1514 958 1561; x_wconf 82' lang='lat' dir='ltr'>est,</span> <span class='ocrx_word' id='word_1_87' title='bbox 1006 1514 1052 1550; x_wconf 89' lang='lat' dir='ltr'>ut</span> <span class='ocrx_word' id='word_1_88' title='bbox 1084 1509 1253 1550; x_wconf 86' lang='lat' dir='ltr'>casibus</span> <span class='ocrx_word' id='word_1_89' title='bbox 1285 1509 1482 1550; x_wconf 92' lang='lat' dir='ltr'>notiones</span> <span class='ocrx_word' id='word_1_90' title='bbox 1513 1509 1662 1550; x_wconf 87' lang='lat' dir='ltr'>admo—</span> 
     </span>
     <span class='ocr_line' id='line_1_14' title="bbox 167 1577 1663 1629; baseline 0.001 -12"><span class='ocrx_word' id='word_1_91' title='bbox 167 1577 265 1617; x_wconf 85' lang='lat' dir='ltr'>dum</span> <span class='ocrx_word' id='word_1_92' title='bbox 313 1577 534 1618; x_wconf 84' lang='lat' dir='ltr'>dissimiles</span> <span class='ocrx_word' id='word_1_93' title='bbox 581 1578 930 1629; x_wconf 77' lang='lat' dir='ltr'>exprimerentur.</span> <span class='ocrx_word' id='word_1_94' title='bbox 992 1577 1153 1628; x_wconf 82' lang='lat' dir='ltr'>Quibus</span> <span class='ocrx_word' id='word_1_95' title='bbox 1197 1577 1324 1619; x_wconf 87' lang='lat' dir='ltr'>rebus</span> <span class='ocrx_word' id='word_1_96' title='bbox 1361 1578 1512 1628; x_wconf 77' lang='lat' dir='ltr'>evenit7</span> <span class='ocrx_word' id='word_1_97' title='bbox 1546 1579 1663 1618; x_wconf 90' lang='lat' dir='ltr'>utin</span> 
     </span>
     <span class='ocr_line' id='line_1_15' title="bbox 168 1645 1662 1697; baseline 0.002 -12"><span class='ocrx_word' id='word_1_98' title='bbox 168 1645 309 1697; x_wconf 88' lang='lat' dir='ltr'>lingua</span> <span class='ocrx_word' id='word_1_99' title='bbox 339 1645 469 1686; x_wconf 90' lang='lat' dir='ltr'>latina</span> <span class='ocrx_word' id='word_1_100' title='bbox 501 1658 573 1686; x_wconf 88' lang='lat' dir='ltr'>sex</span> <span class='ocrx_word' id='word_1_101' title='bbox 605 1651 936 1688; x_wconf 76' lang='lat' dir='ltr'>numerarentur</span> <span class='ocrx_word' id='word_1_102' title='bbox 967 1659 1110 1687; x_wconf 89' lang='lat' dir='ltr'>casus:</span> <span class='ocrx_word' id='word_1_103' title='bbox 1143 1647 1490 1687; x_wconf 83' lang='lat' dir='ltr'>nominativus</span> <span class='ocrx_word' id='word_1_104' title='bbox 1513 1659 1662 1688; x_wconf 88' lang='lat' dir='ltr'>voca-</span> 
     </span>
     <span class='ocr_line' id='line_1_16' title="bbox 170 1713 1663 1766; baseline 0.002 -14"><span class='ocrx_word' id='word_1_105' title='bbox 170 1713 303 1753; x_wconf 85' lang='lat' dir='ltr'>tivus</span> <span class='ocrx_word' id='word_1_106' title='bbox 350 1714 676 1754; x_wconf 88' lang='lat' dir='ltr'>accusativus</span> <span class='ocrx_word' id='word_1_107' title='bbox 725 1715 992 1766; x_wconf 81' lang='lat' dir='ltr'>genetivus</span> <span class='ocrx_word' id='word_1_108' title='bbox 1025 1715 1226 1755; x_wconf 86' lang='lat' dir='ltr'>dativus</span> <span class='ocrx_word' id='word_1_109' title='bbox 1258 1714 1532 1765; x_wconf 69' lang='lat' dir='ltr'>ablativus,</span> <span class='ocrx_word' id='word_1_110' title='bbox 1567 1728 1663 1756; x_wconf 91' lang='lat' dir='ltr'>cum</span> 
     </span>
     <span class='ocr_line' id='line_1_17' title="bbox 170 1782 1663 1835; baseline 0.002 -14"><span class='ocrx_word' id='word_1_111' title='bbox 170 1785 314 1821; x_wconf 82' lang='lat' dir='ltr'>sextus</span> <span class='ocrx_word' id='word_1_112' title='bbox 361 1794 486 1821; x_wconf 90' lang='lat' dir='ltr'>casus</span> <span class='ocrx_word' id='word_1_113' title='bbox 519 1794 605 1822; x_wconf 92' lang='lat' dir='ltr'>non</span> <span class='ocrx_word' id='word_1_114' title='bbox 637 1782 773 1823; x_wconf 92' lang='lat' dir='ltr'>solum</span> <span class='ocrx_word' id='word_1_115' title='bbox 806 1782 978 1823; x_wconf 89' lang='lat' dir='ltr'>ablativi</span> <span class='ocrx_word' id='word_1_116' title='bbox 1009 1783 1166 1835; x_wconf 89' lang='lat' dir='ltr'>proprii</span> <span class='ocrx_word' id='word_1_117' title='bbox 1197 1795 1374 1824; x_wconf 90' lang='lat' dir='ltr'>munere</span> <span class='ocrx_word' id='word_1_118' title='bbox 1406 1782 1663 1835; x_wconf 76' lang='lat' dir='ltr'>fungeretur,</span> 
     </span>
     <span class='ocr_line' id='line_1_18' title="bbox 170 1849 1494 1903; baseline 0.002 -14"><span class='ocrx_word' id='word_1_119' title='bbox 170 1849 244 1890; x_wconf 89' lang='lat' dir='ltr'>sed</span> <span class='ocrx_word' id='word_1_120' title='bbox 277 1850 403 1890; x_wconf 76' lang='lat' dir='ltr'>etiam</span> <span class='ocrx_word' id='word_1_121' title='bbox 435 1851 581 1891; x_wconf 87' lang='lat' dir='ltr'>localis</span> <span class='ocrx_word' id='word_1_122' title='bbox 613 1855 655 1891; x_wconf 89' lang='lat' dir='ltr'>et</span> <span class='ocrx_word' id='word_1_123' title='bbox 684 1851 1020 1892; x_wconf 82' lang='lat' dir='ltr'>instrumentalis</span> <span class='ocrx_word' id='word_1_124' title='bbox 1051 1855 1194 1903; x_wconf 90' lang='lat' dir='ltr'>partes</span> <span class='ocrx_word' id='word_1_125' title='bbox 1226 1852 1494 1903; x_wconf 83' lang='lat' dir='ltr'>suscepisset.</span> 
     </span>
    </p>

    <p class='ocr_par' dir='ltr' id='par_1_3' title="bbox 171 1918 1673 2721">
     <span class='ocr_line' id='line_1_19' title="bbox 308 1918 1666 1970; baseline 0.001 -12"><span class='ocrx_word' id='word_1_126' title='bbox 308 1920 425 1968; x_wconf 78' lang='lat' dir='ltr'>Quae</span> <span class='ocrx_word' id='word_1_127' title='bbox 477 1931 573 1958; x_wconf 86' lang='lat' dir='ltr'>cum</span> <span class='ocrx_word' id='word_1_128' title='bbox 623 1919 681 1959; x_wconf 90' lang='lat' dir='ltr'>ita</span> <span class='ocrx_word' id='word_1_129' title='bbox 727 1920 821 1970; x_wconf 75' lang='lat' dir='ltr'>sint,</span> <span class='ocrx_word' id='word_1_130' title='bbox 868 1920 909 1959; x_wconf 91' lang='lat' dir='ltr'>in</span> <span class='ocrx_word' id='word_1_131' title='bbox 957 1918 1125 1959; x_wconf 85' lang='lat' dir='ltr'>casibus</span> <span class='ocrx_word' id='word_1_132' title='bbox 1171 1919 1310 1959; x_wconf 87' lang='lat' dir='ltr'>latinis</span> <span class='ocrx_word' id='word_1_133' title='bbox 1354 1920 1586 1960; x_wconf 87' lang='lat' dir='ltr'>tractandis</span> <span class='ocrx_word' id='word_1_134' title='bbox 1632 1920 1666 1960; x_wconf 92' lang='lat' dir='ltr'>si</span> 
     </span>
     <span class='ocr_line' id='line_1_20' title="bbox 171 1986 1664 2038; baseline 0.001 -13"><span class='ocrx_word' id='word_1_135' title='bbox 171 1986 264 2037; x_wconf 86' lang='lat' dir='ltr'>quis</span> <span class='ocrx_word' id='word_1_136' title='bbox 310 1986 436 2037; x_wconf 85' lang='lat' dir='ltr'>paulo</span> <span class='ocrx_word' id='word_1_137' title='bbox 483 1987 725 2027; x_wconf 84' lang='lat' dir='ltr'>accuratius</span> <span class='ocrx_word' id='word_1_138' title='bbox 771 1999 896 2038; x_wconf 78' lang='lat' dir='ltr'>agere</span> <span class='ocrx_word' id='word_1_139' title='bbox 945 1987 1042 2037; x_wconf 77' lang='lat' dir='ltr'>vult,</span> <span class='ocrx_word' id='word_1_140' title='bbox 1092 1987 1168 2027; x_wconf 90' lang='lat' dir='ltr'>nisi</span> <span class='ocrx_word' id='word_1_141' title='bbox 1206 1987 1442 2038; x_wconf 87' lang='lat' dir='ltr'>linguarum</span> <span class='ocrx_word' id='word_1_142' title='bbox 1475 1988 1664 2028; x_wconf 77' lang='lat' dir='ltr'>eiusdem</span> 
     </span>
     <span class='ocr_line' id='line_1_21' title="bbox 172 2054 1665 2107; baseline 0.002 -14"><span class='ocrx_word' id='word_1_143' title='bbox 172 2054 311 2105; x_wconf 87' lang='lat' dir='ltr'>stirpis</span> <span class='ocrx_word' id='word_1_144' title='bbox 356 2066 436 2106; x_wconf 85' lang='lat' dir='ltr'>ope</span> <span class='ocrx_word' id='word_1_145' title='bbox 484 2067 570 2095; x_wconf 92' lang='lat' dir='ltr'>non</span> <span class='ocrx_word' id='word_1_146' title='bbox 610 2055 789 2095; x_wconf 89' lang='lat' dir='ltr'>multum</span> <span class='ocrx_word' id='word_1_147' title='bbox 822 2054 998 2107; x_wconf 78' lang='lat' dir='ltr'>proficit.</span> <span class='ocrx_word' id='word_1_148' title='bbox 1059 2055 1165 2095; x_wconf 90' lang='lat' dir='ltr'>Nam</span> <span class='ocrx_word' id='word_1_149' title='bbox 1199 2056 1383 2096; x_wconf 88' lang='lat' dir='ltr'>maxime</span> <span class='ocrx_word' id='word_1_150' title='bbox 1414 2056 1665 2096; x_wconf 88' lang='lat' dir='ltr'>illustratam</span> 
     </span>
     <span class='ocr_line' id='line_1_22' title="bbox 173 2122 1666 2175; baseline 0.003 -14"><span class='ocrx_word' id='word_1_151' title='bbox 173 2134 267 2162; x_wconf 76' lang='lat' dir='ltr'>esse</span> <span class='ocrx_word' id='word_1_152' title='bbox 313 2123 522 2174; x_wconf 78' lang='lat' dir='ltr'>syntaxim</span> <span class='ocrx_word' id='word_1_153' title='bbox 555 2123 743 2174; x_wconf 81' lang='lat' dir='ltr'>latinam,</span> <span class='ocrx_word' id='word_1_154' title='bbox 776 2122 847 2163; x_wconf 90' lang='lat' dir='ltr'>ubi</span> <span class='ocrx_word' id='word_1_155' title='bbox 880 2123 1047 2175; x_wconf 80' lang='lat' dir='ltr'>linguae</span> <span class='ocrx_word' id='word_1_156' title='bbox 1078 2123 1451 2175; x_wconf 88' lang='lat' dir='ltr'>indogermanicae</span> <span class='ocrx_word' id='word_1_157' title='bbox 1482 2124 1591 2165; x_wconf 90' lang='lat' dir='ltr'>inter</span> <span class='ocrx_word' id='word_1_158' title='bbox 1621 2136 1666 2165; x_wconf 93' lang='lat' dir='ltr'>se</span> 
     </span>
     <span class='ocr_line' id='line_1_23' title="bbox 173 2192 1668 2244; baseline 0.002 -15"><span class='ocrx_word' id='word_1_159' title='bbox 173 2192 410 2242; x_wconf 83' lang='lat' dir='ltr'>comparari</span> <span class='ocrx_word' id='word_1_160' title='bbox 458 2196 635 2244; x_wconf 80' lang='lat' dir='ltr'>coeptae</span> <span class='ocrx_word' id='word_1_161' title='bbox 679 2196 790 2242; x_wconf 80' lang='lat' dir='ltr'>sunt,</span> <span class='ocrx_word' id='word_1_162' title='bbox 837 2204 964 2232; x_wconf 89' lang='lat' dir='ltr'>nemo</span> <span class='ocrx_word' id='word_1_163' title='bbox 1012 2196 1076 2232; x_wconf 86' lang='lat' dir='ltr'>est</span> <span class='ocrx_word' id='word_1_164' title='bbox 1107 2192 1209 2244; x_wconf 85' lang='lat' dir='ltr'>quin</span> <span class='ocrx_word' id='word_1_165' title='bbox 1242 2192 1460 2232; x_wconf 87' lang='lat' dir='ltr'>concedat.</span> <span class='ocrx_word' id='word_1_166' title='bbox 1521 2192 1668 2244; x_wconf 86' lang='lat' dir='ltr'>Neque</span> 
     </span>
     <span class='ocr_line' id='line_1_24' title="bbox 173 2259 1670 2312; baseline 0.001 -14"><span class='ocrx_word' id='word_1_167' title='bbox 173 2264 316 2298; x_wconf 84' lang='lat' dir='ltr'>tamen</span> <span class='ocrx_word' id='word_1_168' title='bbox 362 2259 439 2299; x_wconf 84' lang='lat' dir='ltr'>viri</span> <span class='ocrx_word' id='word_1_169' title='bbox 469 2259 715 2308; x_wconf 87' lang='lat' dir='ltr'>doctissimi,</span> <span class='ocrx_word' id='word_1_170' title='bbox 749 2272 858 2312; x_wconf 86' lang='lat' dir='ltr'>quae</span> <span class='ocrx_word' id='word_1_171' title='bbox 890 2260 943 2300; x_wconf 87' lang='lat' dir='ltr'>sit</span> <span class='ocrx_word' id='word_1_172' title='bbox 976 2260 1035 2299; x_wconf 89' lang='lat' dir='ltr'>vis</span> <span class='ocrx_word' id='word_1_173' title='bbox 1068 2263 1110 2300; x_wconf 89' lang='lat' dir='ltr'>et</span> <span class='ocrx_word' id='word_1_174' title='bbox 1140 2259 1389 2311; x_wconf 82' lang='lat' dir='ltr'>significatio</span> <span class='ocrx_word' id='word_1_175' title='bbox 1421 2260 1670 2312; x_wconf 85' lang='lat' dir='ltr'>primigenia</span> 
     </span>
     <span class='ocr_line' id='line_1_25' title="bbox 173 2327 1666 2380; baseline 0.001 -14"><span class='ocrx_word' id='word_1_176' title='bbox 173 2338 350 2367; x_wconf 85' lang='lat' dir='ltr'>casuum</span> <span class='ocrx_word' id='word_1_177' title='bbox 382 2327 840 2379; x_wconf 82' lang='lat' dir='ltr'>indogermanicorum‚</span> <span class='ocrx_word' id='word_1_178' title='bbox 875 2340 950 2380; x_wconf 88' lang='lat' dir='ltr'>pro</span> <span class='ocrx_word' id='word_1_179' title='bbox 984 2333 1101 2368; x_wconf 88' lang='lat' dir='ltr'>certo</span> <span class='ocrx_word' id='word_1_180' title='bbox 1127 2327 1338 2368; x_wconf 81' lang='lat' dir='ltr'>affirmare</span> <span class='ocrx_word' id='word_1_181' title='bbox 1360 2332 1552 2379; x_wconf 88' lang='lat' dir='ltr'>possunt,</span> <span class='ocrx_word' id='word_1_182' title='bbox 1572 2341 1666 2368; x_wconf 90' lang='lat' dir='ltr'>cum</span> 
     </span>
     <span class='ocr_line' id='line_1_26' title="bbox 174 2394 1668 2448; baseline 0 -13"><span class='ocrx_word' id='word_1_183' title='bbox 174 2406 349 2435; x_wconf 83' lang='lat' dir='ltr'>casuum</span> <span class='ocrx_word' id='word_1_184' title='bbox 383 2394 542 2435; x_wconf 86' lang='lat' dir='ltr'>suffixis</span> <span class='ocrx_word' id='word_1_185' title='bbox 575 2396 710 2447; x_wconf 85' lang='lat' dir='ltr'>qualis</span> <span class='ocrx_word' id='word_1_186' title='bbox 743 2396 994 2448; x_wconf 87' lang='lat' dir='ltr'>significatio</span> <span class='ocrx_word' id='word_1_187' title='bbox 1026 2395 1252 2436; x_wconf 88' lang='lat' dir='ltr'>tribuenda</span> <span class='ocrx_word' id='word_1_188' title='bbox 1283 2396 1335 2436; x_wconf 91' lang='lat' dir='ltr'>sit</span> <span class='ocrx_word' id='word_1_189' title='bbox 1356 2396 1453 2436; x_wconf 85' lang='lat' dir='ltr'>sciri</span> <span class='ocrx_word' id='word_1_190' title='bbox 1471 2401 1668 2448; x_wconf 88' lang='lat' dir='ltr'>nequeat.</span> 
     </span>
     <span class='ocr_line' id='line_1_27' title="bbox 174 2463 1670 2516; baseline 0.002 -14"><span class='ocrx_word' id='word_1_191' title='bbox 174 2463 340 2503; x_wconf 89' lang='lat' dir='ltr'>Illorum</span> <span class='ocrx_word' id='word_1_192' title='bbox 383 2475 497 2515; x_wconf 73' lang='lat' dir='ltr'>vero,</span> <span class='ocrx_word' id='word_1_193' title='bbox 533 2464 602 2515; x_wconf 86' lang='lat' dir='ltr'>qui</span> <span class='ocrx_word' id='word_1_194' title='bbox 635 2477 813 2505; x_wconf 88' lang='lat' dir='ltr'>casuum</span> <span class='ocrx_word' id='word_1_195' title='bbox 846 2464 1084 2505; x_wconf 84' lang='lat' dir='ltr'>doctrinam</span> <span class='ocrx_word' id='word_1_196' title='bbox 1117 2468 1368 2515; x_wconf 84' lang='lat' dir='ltr'>tractarunt,</span> <span class='ocrx_word' id='word_1_197' title='bbox 1404 2464 1516 2504; x_wconf 88' lang='lat' dir='ltr'>haud</span> <span class='ocrx_word' id='word_1_198' title='bbox 1547 2466 1670 2516; x_wconf 87' lang='lat' dir='ltr'>pauci</span> 
     </span>
     <span class='ocr_line' id='line_1_28' title="bbox 175 2532 1672 2587; baseline 0.001 -17"><span class='ocrx_word' id='word_1_199' title='bbox 175 2542 314 2587; x_wconf 73' lang='lat' dir='ltr'>casus,</span> <span class='ocrx_word' id='word_1_200' title='bbox 359 2544 455 2571; x_wconf 91' lang='lat' dir='ltr'>cum</span> <span class='ocrx_word' id='word_1_201' title='bbox 502 2532 625 2572; x_wconf 88' lang='lat' dir='ltr'>locali</span> <span class='ocrx_word' id='word_1_202' title='bbox 671 2532 980 2584; x_wconf 77' lang='lat' dir='ltr'>significatione</span> <span class='ocrx_word' id='word_1_203' title='bbox 1021 2532 1190 2584; x_wconf 89' lang='lat' dir='ltr'>proprie</span> <span class='ocrx_word' id='word_1_204' title='bbox 1223 2536 1365 2573; x_wconf 87' lang='lat' dir='ltr'>essent</span> <span class='ocrx_word' id='word_1_205' title='bbox 1396 2533 1585 2584; x_wconf 86' lang='lat' dir='ltr'>praediti,</span> <span class='ocrx_word' id='word_1_206' title='bbox 1619 2533 1672 2573; x_wconf 89' lang='lat' dir='ltr'>ad</span> 
     </span>
     <span class='ocr_line' id='line_1_29' title="bbox 175 2600 1669 2652; baseline 0.001 -13"><span class='ocrx_word' id='word_1_207' title='bbox 175 2600 370 2640; x_wconf 84' lang='lat' dir='ltr'>notiones</span> <span class='ocrx_word' id='word_1_208' title='bbox 401 2601 654 2641; x_wconf 89' lang='lat' dir='ltr'>remotiores</span> <span class='ocrx_word' id='word_1_209' title='bbox 681 2601 930 2641; x_wconf 85' lang='lat' dir='ltr'>indicandas</span> <span class='ocrx_word' id='word_1_210' title='bbox 949 2606 1044 2652; x_wconf 82' lang='lat' dir='ltr'>post</span> <span class='ocrx_word' id='word_1_211' title='bbox 1063 2604 1290 2652; x_wconf 85' lang='lat' dir='ltr'>usurpatos</span> <span class='ocrx_word' id='word_1_212' title='bbox 1309 2612 1402 2641; x_wconf 86' lang='lat' dir='ltr'>esse</span> <span class='ocrx_word' id='word_1_213' title='bbox 1421 2600 1669 2650; x_wconf 66' lang='lat' dir='ltr'>docuerunt7</span> 
     </span>
     <span class='ocr_line' id='line_1_30' title="bbox 175 2668 1673 2721; baseline 0.001 -15"><span class='ocrx_word' id='word_1_214' title='bbox 175 2680 300 2718; x_wconf 89' lang='lat' dir='ltr'>quam</span> <span class='ocrx_word' id='word_1_215' title='bbox 350 2669 605 2709; x_wconf 78' lang='lat' dir='ltr'>sententiam</span> <span class='ocrx_word' id='word_1_216' title='bbox 652 2681 737 2709; x_wconf 92' lang='lat' dir='ltr'>non</span> <span class='ocrx_word' id='word_1_217' title='bbox 786 2669 983 2709; x_wconf 88' lang='lat' dir='ltr'>omnibus</span> <span class='ocrx_word' id='word_1_218' title='bbox 1030 2668 1329 2720; x_wconf 88' lang='lat' dir='ltr'>probaverunt.</span> <span class='ocrx_word' id='word_1_219' title='bbox 1392 2668 1499 2708; x_wconf 87' lang='lat' dir='ltr'>Nam</span> <span class='ocrx_word' id='word_1_220' title='bbox 1550 2669 1673 2721; x_wconf 79' lang='lat' dir='ltr'>longe</span> 
     </span>
    </p>
   </div>
  </div>
 </body>
</html>
