1833 3048
761 63 1051 99 ...m-.-

131 176 292 217 motum
325 173 638 227 paenultimam
677 174 723 217 in
755 175 985 218 enuntiato
1009 175 1152 218 sedem
1174 178 1310 218 tenet.
1360 175 1536 219 Contuli
1557 190 1681 230 prae-

129 245 339 287 fationem
370 245 471 287 libri
502 245 720 300 secundil)
754 258 848 288 cum
881 245 1069 299 epistula
1099 244 1321 289 Ciceronis
1349 259 1460 299 quae
1501 248 1681 290 eundem

133 315 225 357 fere
249 328 470 359 numerum
492 327 692 359 versuum
716 316 924 367 continet,
959 316 1015 358 ad
1037 316 1137 358 Att.
1162 317 1187 358 Ι
1211 322 1245 356 5.
1285 316 1381 371 Qua
1412 316 1457 359 in
1490 317 1681 370 epistula

134 397 228 427 cum
264 390 316 426 42
351 386 442 429 fere
474 386 580 429 locis
613 387 792 430 verbum
838 387 1006 429 finitum
1048 386 1199 429 ultimo
1243 387 1335 429 loco
1377 387 1566 440 positum
1609 388 1680 442 sit,

134 456 310 498 circiter
335 461 386 497 22
420 456 526 498 locis
561 460 709 499 autem
742 457 804 499 eis
838 457 1058 500 enuntiati
1079 456 1278 510 partibus
1311 458 1548 500 antecedat
1572 471 1682 510 quae

132 539 184 568 ex
238 526 311 568 illo
364 527 573 580 pendent,
628 527 742 581 apud
790 526 1034 569 Varronem
1091 527 1333 580 quindecim
1384 527 1475 570 fere
1526 528 1682 581 prioris

131 596 304 650 generis
337 597 443 639 locis
478 596 654 640 circiter
687 601 738 638 25
774 598 1037 650 respondent
1079 598 1261 640 alterius
1294 596 1477 652 generis
1541 597 1681 639 Accu-

129 666 301 708 ratiora
335 679 387 709 ex
418 668 501 709 hac
533 667 686 710 tabula
720 671 1045 723 cognoscentur.

839 740 841 774 l
1062 738 1254 783 Verbum
1286 738 1455 781 finitum

839 777 841 828 i
861 809 975 862 apud
992 808 1245 852 Ciceronem
1285 809 1398 861 apud
1428 808 1669 853 Varronem

840 864 841 910 i
864 890 1050 926 antecedit
1078 890 1242 934 sequitur
1264 875 1265 924 f
1288 888 1472 924 antecedit
1499 888 1664 932 sequitur

130 946 380 991 Infinitivus
840 918 842 979 1
927 954 949 991 2
1157 954 1177 991 7
1383 954 1401 989 1
1493 949 1638 991 4locis

132 818 238 861 Cum
251 819 381 861 verbo
400 819 522 862 finito
537 820 830 875 coniungitur:

130 1018 428 1062 Accusativus
462 1032 556 1062 cum
588 1020 803 1064 infinitivo
840 997 842 1095 Ζ
927 1025 950 1061 8
1157 1024 1178 1061 3
1380 1023 1403 1060 2
1462 1043 1514 1049 -—

131 1089 421 1144 Participium
840 1097 842 1146 ζ
928 1095 950 1132 3
1157 1095 1179 1131 6
1383 1095 1402 1130 1
1464 1113 1513 1120 -

128 1159 411 1204 Adiectivum
927 1166 951 1202 4
1156 1166 1180 1202 4
1349 1186 1405 1190 ——
1492 1165 1516 1201 4

130 1230 382 1274 Subiectum
840 1227 842 1294 j
928 1237 952 1273 4
1130 1236 1178 1274 17
1382 1235 1402 1272 7
1493 1235 1515 1271 8

131 1300 362 1344 Obiectum
401 1302 731 1358 (Accusativus)
840 1337 842 1381 3
929 1304 1012 1356 2(1)
1130 1306 1180 1344 12
1381 1307 1403 1343 8
1465 1305 1516 1342 12

127 1371 321 1415 Dativus
840 1424 842 1442 ι
929 1378 951 1414 2
1157 1377 1180 1414 8
1381 1377 1403 1414 2
1493 1376 1516 1412 4

129 1441 370 1485 Ablativus
926 1469 981 1474 —
1125 1469 1183 1474 -
1383 1448 1400 1484 1
1493 1447 1517 1483 4

130 1511 371 1556 Ablativus
406 1514 632 1557 absolutus
841 1504 842 1526 *
928 1539 977 1546 -—-
1126 1539 1180 1545 —
1383 1519 1401 1554 1
1460 1538 1518 1543 —

128 1582 399 1626 Adverbium
930 1591 947 1625 1
1156 1589 1178 1625 3
1380 1589 1403 1625 3
1491 1588 1516 1624 4

127 1653 405 1707 Praepositio
424 1667 518 1697 cum
536 1656 817 1700 substantivo
926 1659 949 1695 3
1126 1659 1178 1696 20
1353 1659 1402 1695 12
1465 1658 1515 1694 12

838 1740 839 1786 3
895 1754 946 1790 29
1125 1753 1176 1790 80
1262 1754 1263 1801 j
1349 1753 1401 1790 38
1462 1747 1679 1798 52locis2).

246 1819 446 1872 Exempli
484 1820 621 1874 igitur
663 1833 796 1863 causa
828 1829 941 1874 part.
977 1820 1080 1874 perf.
1112 1832 1230 1873 pass.
1265 1832 1359 1862 cum
1393 1819 1545 1872 copula
1578 1831 1675 1860 con-

127 1887 320 1931 iunctum
363 1903 457 1933 cum
499 1904 651 1934 novem
693 1891 799 1934 locis
843 1891 957 1945 apud
1000 1889 1251 1933 Ciceronem
1294 1891 1489 1944 legatur,
1539 1889 1679 1931 tribus

127 1958 234 2001 locis
268 1962 421 2014 copula
455 1962 692 2016 antecedit,
726 1975 803 2005 sex
834 1962 940 2005 locis
973 1962 1187 2014 sequitur3
1237 1964 1390 2003 contra
1422 1960 1563 2002 Varro
1596 1972 1678 2002 uno

127 2030 221 2073 loco
254 2045 335 2085 quo
369 2033 565 2085 copulam
597 2045 681 2076 non
714 2033 859 2076 omisit
882 2058 938 2062 --
972 2037 1129 2085 quater
1161 2032 1271 2074 enim
1295 2044 1349 2074 ex
1371 2029 1680 2073 consuetudine

129 2113 207 2143 sua
239 2103 517 2155 participium
550 2103 643 2146 sine
677 2103 830 2156 copula
851 2103 996 2156 posuit
1022 2103 1065 2158 (ξ
1090 2107 1113 2142 4
1135 2102 1181 2143 id
1201 2102 1308 2154 quod
1326 2102 1373 2142 in
1394 2114 1492 2154 ayro
1514 2103 1678 2148 natum

131 2175 153 2222 3
190 2178 211 2211 5
246 2187 349 2224 quae
383 2174 545 2226 factum
581 2178 627 2214 ut
664 2177 954 2223 ‘nasceremum
994 2186 1098 2225 quae
1134 2176 1237 2214 nata
1275 2186 1324 2213 ex
1347 2185 1512 2224 pecore;
1553 2170 1610 2211 ad
1639 2169 1684 2210 id

122 2255 252 2294 pecus
284 2244 534 2299 appositum)
566 2269 623 2274 —
655 2243 832 2297 scripsit
867 2244 908 2300 (ξ
943 2243 1004 2298 2):
1038 2247 1138 2284 szmt
1169 2243 1385 2284 consecuti.

249 2394 276 2435 ¹)
302 2394 406 2429 Hanc
442 2395 660 2439 particulam
695 2395 791 2440 elegi
825 2395 918 2439 quod
953 2398 992 2430 et
1024 2395 1061 2430 in
1099 2405 1142 2430 ea
1175 2393 1420 2438 componenda
1455 2394 1511 2437 (ut
1537 2392 1680 2427 omnion

134 2452 173 2487 111
199 2454 410 2498 prooemiis)
445 2454 526 2498 plus
560 2465 691 2498 operae
726 2465 832 2498 quam
864 2455 902 2489 in
936 2453 1069 2489 ceteris
1103 2464 1124 2488 a
1150 2451 1327 2496 scriptore
1362 2452 1533 2487 collatum
1560 2455 1618 2486 est
1644 2457 1681 2486 et

130 2521 172 2545 ex
200 2522 242 2546 ea
268 2522 467 2547 sermonem
499 2523 584 2548 vere
612 2512 876 2548 Varronianum
908 2511 1078 2556 cognosci
1108 2510 1197 2545 licet
1221 2510 1416 2555 integrum,
1445 2521 1523 2544 cum
1555 2509 1679 2544 multis

131 2569 213 2603 aliis
240 2569 328 2604 locis
355 2570 501 2605 dubium
528 2571 586 2614 sit,
615 2576 792 2615 quatenus
820 2581 863 2606 ex
888 2569 1099 2606 auctoribus
1119 2569 1246 2613 quibus
1271 2579 1359 2603 usus
1386 2573 1441 2603 est
1465 2568 1583 2602 Varro
1608 2578 1678 2602 non

130 2628 245 2661 solum
271 2638 330 2663 res
357 2628 420 2663 sed
447 2629 556 2664 etiam
583 2629 694 2663 verba
720 2629 756 2663 in
783 2639 886 2664 suum
911 2628 1043 2663 librum
1069 2626 1312 2663 transtulerit.

252 2686 281 2730 2)
309 2686 455 2722 Summa
479 2693 521 2722 ut
554 2676 670 2722 maior
702 2687 866 2723 eveniret
896 2686 1055 2722 numeris
1090 2696 1199 2730 supra
1223 2685 1405 2727 indicatis,
1430 2684 1514 2720 iude
1539 2684 1679 2720 factum

131 2748 198 2786 est,
227 2744 321 2787 quod
347 2745 480 2780 multos
506 2746 605 2781 locos
638 2746 719 2790 plus
753 2746 866 2781 semel
891 2746 927 2780 111
959 2745 1139 2781 rationem
1174 2743 1405 2779 introducere
1437 2743 1554 2786 debui,
1589 2754 1618 2779 e.
1645 2754 1678 2789 g.

135 2803 154 2846 ξ
181 2805 205 2837 4
230 2802 429 2837 docuerunt
447 2808 621 2849 pastores
645 2804 855 2850 proqeniem
880 2815 982 2838 suam
1001 2806 1150 2848 propter
1177 2801 1450 2837 collocationem
1469 2796 1679 2837 et‘subieeti

130 2865 167 2896 et
194 2860 335 2897 obiecti.
