1833 3048
763 112 809 147 21

33 246 93 282 nia
122 249 206 282 sunt
237 256 318 282 cum
349 245 493 290 priscis,
527 244 628 280 velut
652 240 824 291 comedo.
856 240 1018 289 mando,
1050 241 1229 293 calcitro,
1259 241 1345 284 silo.
1378 245 1538 282 referam

31 311 192 357 primum
221 321 279 357 ea,
320 321 414 356 quae
443 321 465 346 a
501 309 679 356 stirpibus
708 310 918 348 verbalibus
949 315 1033 348 orta
1063 315 1173 348 sunt:

29 372 145 413 *θεῖος
191 381 260 414 sat.
306 375 352 413 fr.
395 378 472 412 529
516 375 584 423 tlt.
625 377 716 412 224.
759 372 800 422 7)
841 372 1153 428 ’φιλαναλωταὶ
1197 376 1334 414 edones
1366 377 1538 424 Romam,

114 447 154 479 ut.
184 442 298 480 turba.
320 443 515 479 incendant
538 454 741 488 annonam,
776 447 810 478 vt
829 446 987 488 propter
1007 443 1198 489 phagones
1229 443 1425 480 ficedulam
1456 445 1537 490 pin-

111 518 221 556 guem
262 513 328 546 aut
371 508 519 545 turdum
569 509 639 546 nisi
672 509 858 546 volantem
887 520 961 546 non
993 504 1123 546 video'.
1174 510 1215 545 111
1235 509 1305 547 hoc
1324 509 1538 556 fragmento

110 587 167 611 vv.
205 569 364 612 'odones'
418 580 454 612 ct
494 569 704 621 'phagones'
750 586 852 611 more
901 575 1090 611 nominum
1128 576 1366 621 propriorum
1413 572 1537 623 (quasi

112 641 378 685 Fresservolk)
412 644 589 686 usurpata
639 651 718 677 csso
764 636 909 677 Ocleler
946 645 980 677 et
1029 636 1142 675 mese
1179 642 1325 686 volunt;
1366 641 1431 679 sed
1460 643 1536 678 sive

108 710 211 743 recte
254 707 511 743 iudicaverunt
555 707 590 743 ni
622 708 690 743 viri
726 707 824 745 docti
871 708 948 743 sive
989 712 1232 750 erraverunt,
1277 708 1366 744 nihil
1411 708 1537 745 obstat

108 773 306 818 quominus
347 774 556 810 Varronem
602 772 820 810 vocabulum
862 767 1021 810 'edones'
1067 784 1228 810 novasse
1265 775 1534 812 existimemus.

112 839 286 876 Fortasse
328 851 359 875 v.
385 834 522 889 stltayu
553 840 623 875 ian]
659 843 748 875 ante
781 839 985 876 Varronem
1027 841 1062 876 in
1099 841 1224 887 lingua
1264 841 1381 877 latina
1410 843 1536 877 extitit

112 906 145 941 in
186 905 295 941 titulo
336 905 487 942 fabulae
528 905 745 944 Plautinae.
797 916 906 952 quem
946 916 1026 951 lpse
1065 905 1186 943 Varro
1228 907 1385 944 tradidit
1416 908 1458 945 L.
1495 908 1534 943 1,.

107 971 187 1011 VH,
232 973 273 1006 ὕ]
313 966 366 1007 'ln
397 966 567 1018 pagonc'‚
603 971 702 1017 quod
736 967 909 1007 [Ribbeck-
940 971 1042 1008 Com.
1083 973 1212 1009 coroll.
1247 985 1280 1019 p.
1323 975 1393 1010 103
1426 972 1532 1010 Pium

109 1041 255 1073 secutus
298 1038 333 1072 in
366 1031 566 1084 ‘Phagone'
599 1039 820 1074 commutari
861 1037 960 1076 vult:
1003 1032 1159 1074 Bith-ahl
1196 1050 1347 1086 pax-erg.
1391 1042 1460 1075 151
1496 1044 1534 1075 ct

107 1113 234 1148 opusc.
267 1102 313 1147 ΙΙ,
347 1104 421 1139 731
455 1102 553 1140 hanc
575 1104 826 1141 coniecturam
847 1104 967 1141 minus
998 1102 1146 1150 probat..
1187 1104 1289 1141 Idem
1312 1105 1531 1143 vocabulum

106 1168 249 1214 profert
290 1168 456 1206 Zonaras
496 1181 531 1215 p.
569 1171 613 1205 17
622 1171 667 1205 91
702 1168 891 1222 φαγῶνα
920 1167 1138 1221 φίλαυτον
1175 1168 1249 1208 καὶ
1291 1163 1528 1217 ἅπληστονς

106 1234 170 1271 sed
193 1235 272 1282 ipse
296 1235 446 1272 verbum
468 1228 624 1287 φαγών
639 1237 795 1273 atticum
826 1247 907 1273 esse
930 1240 1055 1284 negat,
1080 1247 1161 1273 cum
1190 1238 1326 1275 addat:
1358 1234 1447 1275 ἔστι
1482 1236 1532 1274 δὲ

104 1291 269 1349 Σύρων
299 1296 323 1346 ἡ
342 1297 478 1349 λέξις,
512 1314 607 1348 quae
628 1303 778 1349 quidem
800 1303 914 1340 verba
941 1302 1031 1350 quid
1060 1303 1129 1340 sibi
1162 1304 1275 1341 velint
1309 1306 1367 1341 vix
1399 1306 1529 1350 liquet,

106 1368 178 1404 nisi
230 1366 329 1405 forte
366 1368 411 1406 de
445 1368 692 1415 Syracusanis
723 1365 1050 1417 (Συρακοσίων)
1104 1371 1336 1417 cogitaveris.
1405 1371 1522 1407 Extat

101 1437 227 1470 autem
256 1444 286 1469 v.
321 1427 464 1482 'phago'
495 1439 694 1482 praeterea
724 1447 785 1482 ap.
822 1437 969 1482 Vopisc.
1004 1436 1130 1473 Aurei.
1163 1438 1225 1473 50.

19 1497 174 1549 *rapoz
208 1504 278 1537 sat.
312 1499 357 1537 fr.
390 1502 466 1538 378
499 1501 563 1545 (R.
603 1503 687 1545 187,
722 1502 786 1547 3):
834 1497 925 1539 'cum
959 1503 1019 1539 hic
1048 1513 1141 1548 rapo
1172 1501 1342 1539 umbram
1383 1514 1529 1549 quoquc

101 1567 178 1612 spei
219 1561 441 1604 devorasset'
472 1579 539 1614 pro
563 1568 699 1605 usitato
730 1573 872 1618 raptor·
900 1567 1214 1619 (cf.rc1.pv'›mt0r,
1248 1568 1387 1614 dequo
1417 1580 1529 1614 supra

99 1632 210 1676 dixi).

17 1695 200 1734 balatz-0:
242 1699 286 1736 R.
319 1699 361 1735 R.
396 1701 440 1745 ΙΙ,
484 1701 519 1744 5,
557 1703 571 1736 1
614 1689 757 1737 'videbo
799 1701 979 1737 iamvos.
1021 1702 1151 1747 inquit,
1194 1696 1441 1747 balatrones';
1475 1702 1526 1737 sic

102 1766 223 1802 Varro
240 1777 312 1812 qua
333 1770 387 1802 est
409 1766 603 1803 hilaritate
625 1776 696 1802 non
718 1775 873 1812 prorsus
902 1766 1047 1803 urbana
1077 1767 1246 1812 appellat
1266 1768 1416 1809 amicos,
1447 1768 1526 1813 qui-

100 1831 254 1868 buscum
273 1833 511 1879 colloquitur.
553 1833 654 1869 Idem
675 1831 898 1868 vocabulum
920 1833 1109 1869 invenitur
1137 1833 1238 1880 apud
1268 1833 1361 1870 Hor.
1386 1837 1456 1870 sat.
1491 1836 1523 1878 1,

101 1899 136 1941 2,
169 1901 189 1934 2
224 1896 289 1942 (cf.
324 1898 509 1935 Heindorf
544 1899 589 1935 ad
630 1898 665 1934 h.
697 1895 763 1945 l.):
808 1900 843 1937 2,
877 1900 912 1940 8,
946 1901 992 1935 21
1038 1898 1235 1943 (Servilius
1265 1898 1450 1946 Balatro),
1489 1904 1526 1935 et.

100 1963 195 2001 Gell.
232 1968 262 2004 1,
299 1967 359 2006 15,
392 1967 454 2009 20,
487 1966 547 2011 qui
578 1965 624 2001 de
654 1965 731 2001 eius
761 1964 1145 2010 significationehaec
1176 1964 1340 2010 profert:
1365 1955 1523 2003 'veteres

97 2041 244 2077 quoque
276 2031 393 2067 nostri
432 2032 502 2068 hoc
532 2041 648 2077 genus
671 2030 837 2067 homines
866 2031 902 2066 in
935 2029 1052 2067 verba
1082 2035 1269 2077 proiectos
1300 2031 1521 2069 locutulcios

98 2100 135 2133 et
164 2096 381 2135 balatrones
421 2101 458 2134 et
496 2097 670 2143 loquaces
701 2091 898 2133 dixerunt'.
957 2095 1002 2133 cf.
1035 2096 1139 2134 Paul.
1180 2108 1226 2134 ex
1269 2096 1368 2135 Fest.
1403 2099 1464 2142 34,
1498 2100 1521 2132 4

97 2173 182 2199 cum
208 2163 381 2200 Muelleri
414 2164 670 2201 adnotatione.
715 2162 771 2198 De
792 2163 938 2209 origine
961 2162 1128 2200 ciusdem
1157 2163 1326 2209 ‹lis-putat
1352 2158 1522 2199 Corssen

99 2228 257 2274 Ausspr.
288 2229 355 2271 11²,
387 2230 476 2266 384.
512 2249 557 2255 —

126 2295 158 2330 A
189 2294 400 2333 nominibus
429 2294 563 2333 suffixo
596 2307 683 2331 -om
706 2296 875 2332 derivata
906 2299 991 2332 sunt
1021 2295 1259 2331 substantiva
1288 2296 1396 2332 baec:

11 2357 179 2410 popino:
211 2367 280 2399 sat.
311 2361 357 2398 fr.
389 2362 466 2398 308
489 2360 554 2411 (R.
590 2363 678 2407 170,
712 2360 752 2408 ti)
784 2356 886 2407 'Quis
918 2360 1060 2406 poculis
1081 2362 1325 2398 marcentium
1357 2361 1513 2399 chorum

95 2426 196 2464 intro
233 2427 301 2464 ibit
332 2428 469 2473 popino
486 2422 512 2464 ’θ’
543 2432 580 2465 et
608 2428 707 2466 idem
738 2439 798 2474 ap.
829 2428 922 2464 Hor.
954 2431 1025 2464 sat.
1058 2428 1092 2472 2,
1127 2429 1162 2472 7,
1194 2428 1266 2467 39;
1298 2427 1400 2465 Suet.

14 2488 258 2544 *lonqum'oz
301 2497 371 2530 sat.
404 2493 447 2531 fr.
489 2495 566 2531 562
601 2495 666 2537 (R.
710 2494 799 2539 234,
836 2493 900 2541 12)
948 2489 1029 2541 'ego
1061 2494 1163 2537 nihil,
1207 2493 1339 2538 Varro,
1387 2493 1517 2538 video;

97 2559 149 2596 ita
180 2559 239 2596 hic
260 2558 446 2606 obscurat⁷
468 2562 530 2607 qui
550 2565 638 2598 ante
663 2571 722 2598 me
752 2566 810 2597 est
840 2560 967 2597 nescio
987 2561 1050 2606 qui
1079 2554 1260 2606 longurio'
1283 2559 1319 2596 l1.
1342 2570 1373 2596 e.
1395 2559 1516 2605 homo,

94 2626 197 2663 cuius
228 2626 363 2662 eximia
393 2627 564 2673 corporis
594 2626 827 2674 longitudine
851 2626 1029 2663 Varronis
1058 2627 1181 2663 amico
1211 2626 1247 2662 in
1278 2626 1428 2663 theatro
1459 2627 1515 2662 vel

95 2691 168 2728 alio
198 2691 280 2729 loco
300 2696 521 2738 prospectus
552 2693 599 2730 ad
629 2703 800 2730 scaenam
822 2691 1074 2729 adimebatur.
1124 2692 1194 2729 Est
1216 2695 1341 2729 autem
1373 2703 1403 2727 v.
1426 2686 1517 2728 'lon-

94 2752 210 2804 gurio'
232 2757 443 2795 derivatum
467 2770 488 2795 a
504 2753 729 2805 ‘longurius',
750 2758 845 2804 quod
871 2758 1089 2797 vocabulum
1111 2758 1250 2806 legitur
1262 2758 1360 2804 apud
1375 2757 1516 2795 Varro-
